3318 5144
1254 422 1294 465 lll

307 599 403 674 Atque
435 601 478 659 ita
499 617 561 660 rem
584 601 706 673 institui,
740 606 773 660 nt
795 602 920 675 primum
943 602 1075 676 exempla
1097 620 1133 662 ex
1154 601 1285 660 Politieis
1308 609 1338 660 et

144 735 148 744 ι
205 721 242 761 ex
263 701 480 763 Atheniensium
502 704 609 764 Politia
630 705 801 778 protulerim
824 712 854 766 et
875 707 1053 779 digesserim,
1076 705 1189 778 deinde,
1205 721 1262 778 quo
1277 722 1338 764 me-

204 806 260 865 lius
282 813 427 880 cernatur,
450 824 518 866 num
540 808 611 881 qnid
632 809 792 868 adiumenti
815 827 851 868 ex
873 810 1122 884 praepositionum
1137 809 1167 866 iu
1181 807 1339 867 Athenien-

205 909 278 967 sium
311 909 418 970 Politia
450 927 503 968 usn
536 911 575 969 ad
608 911 691 970 buius
718 911 808 971 libelli
831 913 971 985 originem
994 910 1223 986 cognoscendam
1245 910 1339 983 possit

204 1011 312 1085 afferri,
348 1030 488 1086 quaenam
522 1031 569 1073 res
603 1014 678 1073 illius
711 1032 779 1073 usus
813 1015 872 1075 siut
904 1015 1041 1089 propriae
1074 1014 1157 1073 brevi
1179 1019 1338 1086 conspeetu

204 1117 390 1188 ostenderim,
413 1117 456 1175 ita
477 1122 509 1176 nt
531 1117 610 1176 illum
633 1135 715 1176 usum
739 1124 768 1177 et
790 1135 856 1178 eum
871 1119 1049 1179 Aristoteloo
1065 1135 1118 1177 nsu
1134 1124 1243 1176 etcum
1258 1132 1338 1177 eom·

205 1220 283 1278 muni
316 1219 482 1280 Atticorum
505 1221 620 1280 dicendi
641 1238 757 1295 genere,
792 1227 930 1295 quantum
954 1222 1015 1280 eins
1036 1220 1100 1282 fieri
1121 1221 1226 1294 potuit,
1259 1237 1338 1280 com-

204 1323 376 1396 paraverim.
422 1323 469 1381 Ad
494 1341 576 1382 usum
598 1323 806 1384 Aristoteleum
829 1325 1061 1398 cognoscendum
1084 1330 1203 1397 praeter
1222 1323 1338 1382 Euoke-

204 1426 246 1485 nii
278 1426 484 1486 dissertatione
517 1427 682 1486 adiumento
717 1445 786 1487 usus
809 1445 871 1487 sum
894 1427 994 1487 Indice
1015 1425 1217 1499 Aristotelieo,
1254 1442 1339 1500 quem

204 1527 330 1589 coniecit
351 1529 536 1589 Hermannus
558 1529 662 1589 Bonita
674 1530 708 1600 *).
753 1532 786 1589 ln
809 1532 916 1590 Atticis
940 1547 1014 1603 qnae
1034 1530 1234 1590 disseruerunt
1255 1528 1336 1586 Kab-

204 1633 309 1704 ner**)
332 1638 362 1692 et
384 1633 458 1692 Lutz
471 1634 538 1708 ***)‚
561 1635 591 1692 in
614 1652 708 1694 meum
732 1653 814 1694 nsum
838 1636 979 1695 converti.

483 1860 668 1919 Editionibns
690 1867 787 1919 autem
810 1877 878 1918 usus
901 1877 963 1918 snm
985 1859 1046 1918 bis:

205 1995 372 2056 Aristotelis
395 1997 528 2058 Politice.
572 1998 703 2057 Tertium
726 1999 817 2058 edidit
838 1998 1013 2058 Francisens
1034 1996 1187 2056 Susamibl.
1222 1997 1338 2071 Lipsiae

311 2098 393 2160 1882
404 2101 445 2178 †).

205 2203 388 2264 Aristoteles*
411 2206 530 2264 Politik.
576 2206 746 2265 Grieehisoh
778 2206 837 2264 und
868 2205 998 2265 Deutscb
1026 2205 1261 2278 herausgegeben
1282 2221 1339 2264 von

307 2307 403 2366 Franz
436 2308 588 2368 Susemihl.
633 2308 751 2367 Tbeill
784 2308 859 2367 Text
891 2326 919 2366 u.
943 2307 1171 2380 Uebersotznng,
1206 2307 1289 2366 Tbeil
1310 2307 1339 2364 ll

308 2411 542 2485 Armerkungen.
586 2411 707 2486 Leipzig
741 2408 833 2471 1879.
879 2408 972 2489 (Haeo
1006 2411 1094 2472 editio
1117 2429 1135 2470 a
1157 2428 1203 2470 me
1225 2411 1339 2484 signata

307 2514 435 2574 breviter
451 2515 618 2590 „Susem.“).

205 2617 347 2677 Aristotle
369 2635 407 2677 on
429 2619 478 2678 tbe
502 2619 699 2678 constitution
721 2617 754 2678 of
772 2619 892 2692 Athens
924 2618 1021 2678 edited
1043 2618 1082 2692 by
1104 2618 1137 2677 F.
1154 2617 1189 2676 G.
1206 2617 1337 2691 Kenyou,

307 2721 348 2780 M.
371 2721 406 2781 Α.
452 2722 574 2780 London
599 2719 691 2782 1891.

205 2822 372 2884 Aristotelis
405 2823 634 2883 IIOAITEIA
658 2821 916 2883 ΑΘΗΝΑΙΩΝ
948 2823 1100 2884 ediderunt
1123 2823 1158 2882 G.
1182 2823 1286 2882 Kaibel
1310 2828 1339 2881 et

308 2928 343 2987 U.
367 2929 403 2988 de
425 2927 873 2988 Wilamowitz-Moellendorff.
918 2928 1046 2987 Berolini
1071 2924 1162 2986 1891.

638 3134 825 3195 versionibus
847 3135 906 3196 bis:

205 3273 388 3334 Aristoteles'
412 3275 530 3334 Politik.
576 3275 751 3335 Uobersetzt
783 3276 841 3334 und
864 3276 1004 3334 erlaotert
1027 3292 1053 3334 v.
1077 3274 1099 3332 l.
1123 3273 1159 3331 ll.
1184 3291 1209 3331 v.
1233 3270 1338 3332 Kireb·

307 3394 402 3436 mann.
446 3377 622 3449 Heidelberg
658 3374 749 3437 1882.
795 3377 887 3448 (Haeo
921 3377 1016 3436 versio
1049 3376 1165 3450 saepius
1192 3391 1277 3435 amo
1299 3373 1338 3433 si·

306 3485 395 3553 gnata
416 3479 516 3539 littera
537 3478 597 3559 Κ.).

210 3602 413 3612 --—-..--..

306 3647 335 3712 *)
353 3648 429 3702 Inest
446 3645 474 3701 iu
493 3645 587 3714 quinto
610 3647 745 3702 volumina
763 3661 874 3716 operum
892 3647 1117 3704 Aristoteleorum
1135 3647 1169 3702 ab
1188 3644 1336 3701 Academia

208 3731 286 3803 rogia
303 3731 450 3788 Berussiea
467 3731 603 3787 editorum
621 3732 756 3800 (Berollni
775 3733 864 3802 1870).

307 3823 351 3888 **)
369 3818 512 3874 Ausllibrl.
540 3818 711 3874 Grammatils
733 3818 759 3872 d.
777 3817 879 3888 griecb.
898 3818 1014 3888 Spraebe
1032 3817 1109 3874 Tbeil
1127 3817 1156 3873 11
1175 3817 1191 3887 ξ
1209 3817 1260 3872 428
1279 3833 1338 3886 sqq.

307 3908 368 3972 ***)
386 3905 439 3961 Dia
466 3903 674 3974 Prdpositionau
701 3904 745 3959 bei
770 3904 796 3958 d.
823 3903 958 3960 attisoben
982 3904 1118 3960 Rednaru.
1154 3903 1208 3959 Ein
1225 3903 1339 3972 Beitrag

205 4005 254 4046 zur
281 3990 460 4046 historischen
488 3990 659 4047 Grammatik
686 3991 712 4046 d.
738 3990 839 4060 griecb.
862 3990 985 4058 Spraeba,
1003 4006 1057 4046 ron
1073 3990 1122 4047 Dr.
1140 3989 1240 4044 Leonb.
1258 3989 1338 4045 Luta.

205 4077 341 4132 Nouatadt
357 4093 382 4132 a.
401 4077 426 4132 d.
445 4077 479 4132 Η.
500 4077 575 4133 1881.

308 4167 340 4232 i)
358 4163 417 4219 Has
443 4163 562 4220 editione
587 4163 616 4218 in
642 4163 811 4234 proferendis
834 4163 965 4232 exemplis
991 4178 1056 4218 usus
1083 4177 1151 4230 snm,
1176 4160 1338 4234 paginarum

205 4249 395 4319 linearumque
422 4265 547 4305 numeros
574 4250 738 4316 exscribens,
765 4249 806 4305 ita
824 4257 856 4306 nt
873 4267 932 4306 eam
950 4264 1056 4320 semper
1073 4249 1213 4306 attulerim
1231 4248 1338 4316 lineam,

205 4334 252 4392 ubi
271 4341 363 4392 exstat
379 4337 553 4404 praepositio,
572 4337 605 4392 da
624 4352 678 4406 qua
695 4336 796 4406 agitur.
