3318 5144
824 563 855 630 3.
909 561 946 630 ἐκ

691 777 724 826 a.
769 763 821 826 In
842 761 1084 827 Politiein

637 915 701 978 452
724 915 802 980 locis
825 915 964 995 positum
986 920 1056 981 exst
1078 921 1101 980 t.

426 1053 454 1129 1)
481 1051 583 1116 Senon
614 1037 780 1131 primorie,
816 1071 889 1133 quo,
925 1071 994 1117 cum
1027 1054 1132 1118 verbis
1166 1059 1223 1118 aut
1245 1055 1455 1120 substantivis

324 1160 442 1219 motum
477 1161 534 1220 aut
555 1158 748 1234 amotionem
771 1156 1021 1239 significantibus
1044 1158 1222 1238 coniuncta,
1245 1158 1370 1222 looum
1394 1160 1455 1239 sig·

322 1257 438 1339 nificat,
455 1279 498 1324 ex
521 1279 591 1342 quo
615 1261 704 1342 quid
727 1280 765 1326 se
788 1265 952 1340 amovet,
973 1280 1017 1324 ex
1039 1279 1110 1341 quo
1133 1261 1222 1342 quid
1245 1267 1455 1342 amovetur,

322 1381 357 1444 gx
378 1366 572 1448 praepositio
596 1371 749 1446 usurpata
772 1368 822 1430 est
843 1365 892 1429 his
915 1364 1010 1430 locis:
1039 1365 1090 1445 23,
1114 1388 1155 1428 25:
1179 1363 1218 1425 ἐκ
1239 1367 1319 1427 τῶν
1340 1362 1456 1443 ἐμπο-

323 1472 419 1552 ρίων
442 1461 658 1550 opinarer,-
683 1469 754 1547 103,
777 1490 818 1530 22:
842 1465 924 1538 τοδς
947 1463 1134 1540 δοκοῦντας
1157 1461 1331 1551 ὑπερέχειν
1354 1465 1456 1530 δυνά-

321 1595 376 1651 μει
398 1607 441 1616 -
466 1607 503 1615 -
530 1607 560 1616 -
590 1571 847 1650 μεθίστασαν
881 1567 919 1629 ἐκ
954 1571 1022 1651 τῆς
1044 1567 1210 1646 πόλεως,Ι
1243 1573 1316 1653 274,
1352 1595 1396 1636 εει
1419 1569 1457 1632 ἐκ

322 1673 394 1737 τοῦ
428 1669 569 1745 ἄστεος
604 1667 863 1746 οἷπελαιίνεινς
896 1672 947 1750 23,
982 1692 1024 1734 24:
1060 1678 1307 1756 συνεπρίατο
1340 1672 1458 1736 πάντα

321 1770 385 1840 τ’ὀν
409 1773 546 1861 σίδηρον
568 1773 607 1837 ἐκ
629 1775 710 1836 τοῖν
733 1771 956 1858 σιδηρείων.
973 1809 1013 1818 -
1035 1774 1083 1836 Ex
1106 1776 1166 1839 hoo
1188 1794 1247 1842 usu
1270 1779 1458 1858 explicanda

322 1888 396 1946 suut
428 1883 506 1946 haec
539 1879 723 1960 figurato:
760 1877 830 1958 177,
856 1899 897 1940 12:
932 1873 954 1935 ἃ
989 1879 1054 1937 νῦν
1076 1873 1273 1959 ἐλήλυθεν
1295 1915 1336 1924 --
1360 1917 1400 1926 -
1424 1877 1458 1940 ἐκ

322 1987 400 2046 τῶν
423 1976 587 2062 α’χοίνων
609 1982 655 2053 εἰς
676 1979 740 2061 τήν
762 1975 942 2052 παιδείαν,·
974 1979 1047 2060 213,
1071 2001 1115 2043 15:
1139 1980 1184 2052 εἰς
1207 1977 1242 2040 δὲ
1265 1979 1327 2052 τοῖς
1351 1979 1458 2064 ἄρχοὶς

322 2084 528 2167 βαδίζουσι
551 2119 594 2129 -
620 2121 653 2128 —-
680 2081 719 2143 ἐκ
749 2083 827 2143 τῶν
862 2077 1008 2164 φυλῶν.
1031 2081 1075 2128 ’-
1097 2081 1198 2148 Simili
1221 2089 1317 2165 atque
1340 2086 1372 2150 in
1396 2086 1458 2150 illis

322 2189 550 2270 significatione
570 2187 664 2252 loculi
686 2183 721 2245 ἐκ
744 2203 823 2249 oum
846 2182 1036 2250 Genitivis
1059 2204 1306 2265 personarum
1330 2189 1459 2252 coniun-

321 2296 407 2374 gitur
429 2293 460 2356 in
482 2291 543 2355 his:
580 2290 650 2370 162,
674 2311 703 2352 r:
730 2285 765 2348 ἐκ
787 2290 846 2369 τῆς
867 2284 994 2360 πόλεως
1016 2285 1210 2371 ἐξορίζειν
1236 2324 1270 2334 -
1297 2326 1337 2334 -
1360 2288 1458 2370 μάλι-

324 2413 388 2457 στα
420 2395 483 2474 μὲν
516 2386 639 2454 οὖν’ἐκ
662 2393 742 2453 τῶν
765 2393 880 2464 νέων,·
914 2390 985 2465 178,
1007 2409 1051 2454 uo:
1072 2387 1378 2470 ἀπεδοκίμασαν
1401 2387 1459 2452 αδ-

322 2498 386 2560 ποῠ
408 2492 470 2579 τὴν
493 2499 613 2578 χρῆσιν
635 2492 673 2555 ἐκ
696 2495 774 2555 τῶν
797 2494 896 2555 νέων
917 2495 972 2553 καί
995 2493 1066 2554 τῶν
1088 2489 1290 2578 ἐλευθέρους
1320 2497 1392 2576 238,
1415 2516 1456 2558 25:

322 2599 622 2683 ἐκκεκριμένους
645 2595 686 2660 δὲ
710 2595 750 2658 ἐκ
771 2593 929 2658 παίδων
952 2590 1104 2678 diripuere
1126 2587 1214 2658 εἶναι
1237 2594 1364 2670 αὐτοὺς
1386 2599 1457 2660 τῶν

322 2702 436 2789 ἔργων.

425 2807 529 2873 Loous
553 2807 649 2871 uude
683 2806 771 2887 quid
795 2809 914 2869 ortum
938 2807 997 2869 est
1018 2805 1077 2869 vel
1102 2804 1210 2868 domo
1232 2811 1290 2868 est
1312 2801 1346 2864 ἐκ
1368 2824 1459 2885 prae·

323 2913 480 2992 positione
503 2911 661 2976 indicatur
683 2909 752 2986 139,
776 2931 820 2972 rr:
844 2901 861 2968 ὁ
886 2904 922 2969 δὲ
944 2903 1112 2991 χωρισμὸς
1134 2944 1166 2955 -
1185 2947 1223 2953 —
1240 2908 1359 2969 τοῦ-
1376 2905 1460 2989 πλή-

323 3015 407 3087 θους
428 3011 467 3087 ἐξ
489 3008 701 3093 Αἰγύπτου
726 3008 909 3093 (γέγονε),
935 3010 1064 3090 128,22:
1088 3008 1128 3083 ἐξ
1151 3003 1194 3090 ἧς
1217 3007 1252 3070 δὲ
1276 3006 1458 3093 (πόλεως)

323 3115 489 3198 βᾴναυσοι
522 3152 553 3160 -
576 3113 814 3196 ἐξέρχονται
837 3109 970 3174 πολλοί.

428 3216 462 3302 2)
493 3216 672 3297 Τουιυοιοίι·
705 3217 745 3297 oi,
778 3222 813 3281 ut
835 3217 1022 3298 temporis
1044 3227 1270 3281 momentum
1293 3218 1459 3299 significet,

324 3344 367 3388 ex
401 3341 470 3404 quo
505 3321 607 3386 actio
641 3320 769 3400 aliqua
802 3320 973 3400 incipere
1007 3323 1071 3382 aut
1104 3319 1249 3400 aliquid
1283 3340 1367 3386 esse
1397 3324 1461 3384 'aut

321 3427 463 3490 'durare
487 3423 681 3504 dicitur*)‚
705 3418 739 3483 ἐκ
761 3423 898 3503 positum
922 3426 1028 3486 exstat
1049 3422 1098 3487 his
1120 3423 1212 3488 locis:
1237 3423 1268 3503 8,
1291 3445 1332 3487 na:
1357 3418 1461 3494 εδθιίς

323 3528 363 3590 ἐκ
385 3528 562 3610 χενοτῆς;
583 3526 653 3605 160,
668 3548 708 3589 ro:
729 3522 918 3597 συνεθίζειν
936 3521 974 3585 ἐκ
988 3523 1329 3608 μικρῶνααίδιον,Ι
1345 3527 1460 3606 228‚1:

324 3627 387 3693 ἐοῖν
410 3627 445 3692 δέ
467 3649 520 3702 τις
544 3631 601 3710 (so.
625 3623 722 3713 οἷρχὴ)
747 3625 962 3711 καταλειφθῇ
986 3626 1024 3701 ἐξ
1047 3624 1216 3712 οἷρχαίας
1236 3625 1462 3711 μεταβολῆς

324 3732 369 3806 (ἐκ
396 3759 428 3788 =
457 3732 583 3813 „seit“).
611 3770 645 3777 —
672 3731 833 3811 Frequens
867 3737 916 3796 est
950 3733 981 3795 in
1016 3731 1155 3796 Politiois
1190 3750 1266 3796 usus
1288 3733 1457 3797 locutionis

323 3834 359 3910 ἐξ
382 3833 492 3919 α’ρχῇς,
523 3836 562 3898 de
584 3855 646 3918 quo
670 3835 749 3899 hoec
773 3834 868 3914 digua
890 3838 962 3899 sunt
986 3853 1067 3914 quae
1091 3842 1375 3900 commemorentur
1396 3834 1455 3914 (cir

324 3941 454 4005 Eucken
478 3960 506 4021 p.
533 3941 573 4005 10
594 3942 653 4021 sq).
698 3939 862 4018 Propriam
887 3939 959 4017 vim,
983 3956 1064 4018 quoe
1087 3943 1136 4002 est
1158 3938 1269 4001 eadem
1292 3943 1389 4019 atque
1412 3939 1456 4001 la-

426 4109 455 4177 *)
473 4108 615 4176 Quodnam
637 4105 713 4162 inoer
740 4106 769 4162 ἐκ
793 4112 823 4162 et
851 4105 910 4162 ἀπό
928 4104 1071 4174 temporali
1089 4104 1117 4160 vi
1135 4105 1226 4172 posito
1244 4104 1399 4160 intercedet
1417 4105 1458 4160 di·

324 4195 439 4250 sorimeu
465 4193 682 4263 sigrrifioatioum,
709 4194 833 4262 exempla
860 4209 893 4248 ex
912 4191 1037 4246 Politiois
1070 4191 1158 4245 allato
1176 4206 1229 4245 non
1248 4191 1353 4259 docent,
1372 4193 1418 4246 seri
1437 4208 1461 4247 v.

324 4281 491 4348 Kiihuerum,
509 4298 534 4350 p.
553 4281 604 4335 395
622 4279 680 4334 sub.
701 4280 875 4335 Vorbemerk.
893 4284 921 4332 et
937 4294 963 4346 p.
982 4279 1033 4332 398
1051 4277 1109 4332 rub.
1128 4279 1166 4346 2).
