3284 5142
682 621 720 684 b.
763 621 815 684 In
836 620 944 685 Ath.
968 621 1109 685 Polit.

434 775 513 856 περί
540 792 566 837 o.
589 774 672 850 Aoo,
702 775 762 840 etsi
784 773 885 839 multo
909 792 1003 855 quam
1025 775 1104 857 περί
1126 790 1151 836 o.
1175 773 1282 838 Genit.
1305 773 1408 838 rarius
1431 775 1463 838 in

332 875 406 940 Ath.
441 875 535 941 Polit.
569 877 685 958 iegitur
718 877 772 959 (18
806 877 909 959 Iocis),
943 882 1048 942 tamen
1078 877 1129 943 hio
1153 896 1277 959 quoquo
1299 876 1462 958 aliquanto

332 979 440 1060 piures
463 979 560 1044 habet
583 979 823 1061 significatioms
844 981 1026 1046 varietates.

437 1081 468 1164 1)
495 1080 598 1147 Seaso
624 1084 779 1162 primario
809 1083 908 1159 ίοοοίί,
931 1088 968 1147 ut
990 1083 1108 1150 latinae
1129 1083 1357 1166 praepositioni
1382 1083 1462 1155 „oir-

332 1187 422 1250 oum“
447 1186 647 1268 respondeat,
672 1189 859 1268 usurpatum
883 1191 931 1251 est
952 1188 984 1251 in
1000 1186 1064 1252 his:
1084 1185 1131 1267 15,
1148 1207 1177 1250 o:
1194 1183 1357 1248 ουνοίκισε
1372 1187 1463 1268 περὶ

332 1287 403 1351 τόν
429 1288 629 1372 Θερμαῖον
650 1285 798 1351 κόλπον
820 1291 945 1373 χωρίον
968 1286 986 1350 ὃ
1010 1285 1164 1350 καλεῖται
1184 1283 1363 1371 Ῥαίκηλος,
1384 1285 1463 1352 ἐκεῖ·

333 1392 397 1455 θεν
431 1387 467 1452 δὲ
496 1389 675 1475 παρῆλθεν
699 1392 745 1464 εἰς
768 1389 862 1462 τούς
884 1394 972 1476 περί
995 1387 1199 1473 Πάγγαιον
1225 1386 1390 1465 τόπονς;
1410 1392 1463 1470 23,

333 1518 374 1560 ro:
409 1491 554 1576 διένειμε
579 1534 618 1542 -
642 1532 683 1542 -
706 1494 771 1578 τήν
792 1493 907 1579 χώραν
929 1531 971 1540 -
992 1529 1036 1540 -
1058 1491 1244 1580 τριάκοντα
1267 1497 1360 1578 μέρη,
1385 1480 1464 1556 δέκα

331 1598 394 1676 μὲν
416 1599 495 1660 τοῖν
516 1600 608 1683 περί
631 1594 675 1660 τὸ
701 1593 817 1673 ἄστυ,
842 1595 919 1660 δέκα
944 1595 1043 1659 (11-
1065 1637 1117 1660 -.

435 1702 507 1766 Duo
537 1708 612 1768 sunt
640 1703 711 1784 loci,
734 1703 850 1785 quibus
871 1722 973 1784 paene
997 1704 1094 1768 idem
1116 1702 1219 1768 valet
1241 1707 1355 1784 atque
1378 1703 1465 1767 lati-

332 1823 415 1870 num
455 1809 617 1889 ,propo“
653 1808 702 1872 vei
737 1807 899 1888 „apud“:
935 1808 986 1887 25,
1009 1829 1051 1871 22:
1086 1807 1245 1886 γενέσθαι
1277 1802 1345 1887 τῆς
1373 1807 1464 1889 περὶ

333 1903 543 1988 Σαλαμῖνα
576 1912 800 1990 ναυμαχίας
833 1910 947 1985 αἰτίας
980 1911 1032 1991 36,
1054 1933 1098 1975 no:
1128 1902 1393 1992 ἡττηθέντες-
1416 1907 1465 1992 τῇ

331 2015 421 2096 περί
442 2006 645 2098 Ἐρέτριαν
667 2017 882 2097 ναυμαχίᾳ.
923 2061 926 2068 .

405 2113 407 2118 ’
437 2117 514 2182 Eius
548 2135 632 2195 usus,
667 2135 730 2198 quo
763 2121 842 2198 περί
872 2137 897 2182 ο.
922 2119 996 2183 Αοο.
1020 2118 1059 2182 de
1083 2117 1216 2182 diversis
1239 2118 1379 2182 eiusdem
1404 2116 1465 2180 looi

333 2219 477 2300 partibus
507 2225 689 2301 usurpatur,
718 2221 764 2283 ita
790 2224 832 2283 ut
859 2222 955 2286 idem
979 2222 1029 2286 sit
1051 2225 1163 2301 atque
1189 2221 1376 2301 „ringsum
1400 2219 1463 2283 in“

334 2326 375 2402 (v.
398 2343 429 2404 p.
454 2322 519 2402 76),
543 2322 663 2387 nulium
688 2323 792 2386 inveni
816 2323 1006 2404 exemplum.

435 2425 546 2505 Neque
580 2442 712 2505 usquam
746 2427 838 2507 περί
870 2444 897 2491 o.
927 2426 1010 2490 Aoo.
1042 2444 1110 2507 pro
1144 2415 1238 2490 Iro.
1269 2426 1351 2490 Dat.
1379 2425 1465 2507 posi·

334 2533 400 2592 tum
423 2529 497 2609 legi.

435 2631 523 2700 Cum
546 2631 787 2699 Accusativis
810 2651 1057 2714 personarum
1079 2635 1159 2717 περί
1180 2632 1274 2698 locali
1290 2651 1384 2698 sensu
1399 2649 1463 2696 non

333 2736 534 2818 coniungitur
562 2735 623 2802 nisi
645 2737 677 2800 in
700 2736 859 2802 locutione
882 2729 916 2796 οἱ
937 2738 1015 2820 περί
1036 2752 1126 2798 τινα.
1172 2736 1213 2800 Et
1236 2755 1318 2817 quae
1341 2737 1381 2801 do
1403 2753 1463 2801 usu

332 2838 426 2903 huius
448 2838 627 2918 locutionis
650 2839 753 2919 qualis
777 2840 808 2903 in
831 2837 973 2903 Politiois
996 2844 1053 2917 est,
1078 2837 1213 2904 diximus
1227 2857 1258 2918 p.
1277 2837 1326 2918 77,
1351 2838 1464 2902 eadem

334 2941 400 3006 fere
430 2944 462 3007 in
492 2941 566 3006 Ath.
590 2941 685 3005 Polit.
708 2941 825 3007 valent.
871 2942 921 3007 Ita
943 2961 977 3007 se
999 2961 1067 3007 rem
1090 2942 1218 3022 habere,
1242 2941 1395 3023 exemplis
1417 2941 1464 3006 al-

333 3045 405 3111 latis
437 3044 623 3109 videbimus.
668 3043 789 3126 Pagina
822 3045 873 3124 22,
904 3069 941 3126 12,
970 3046 1025 3110 ubi
1053 3045 1131 3110 haec
1153 3045 1318 3126 leguntur:
1342 3037 1464 3123 οἱμὲν

332 3149 422 3232 περί
451 3143 522 3210 τόν
552 3144 773 3229 Κλεομένην
802 3149 867 3210 καί,
894 3143 1099 3231 Ἰσαγόραν
1120 3148 1311 3231 κατέφυγον
1333 3147 1378 3220 εἰς
1400 3144 1465 3228 την

329 3246 542 3334 Ἀκρόπολιν,
572 3255 701 3331 praeter
731 3252 873 3317 homines
904 3252 1083 3316 nominatos
1111 3253 1206 3316 etIam
1229 3251 1331 3317 socios
1354 3268 1464 3316 eorum

333 3353 504 3438 significari
538 3354 653 3419 docent
684 3354 790 3435 verba,
825 3373 907 3435 quae
941 3360 1116 3436 sequuntur
1138 3373 1168 3419 v.
1193 3354 1247 3418 15:
1277 3349 1465 3435 Κλεομένην
1495 3373 1500 3386 ’

332 3460 395 3538 μὲν
427 3461 491 3519 καί
525 3459 620 3530 τούς
652 3456 735 3538 μετ’
769 3453 896 3522 αὐτοῦ
929 3455 1085 3532 πάντας
1113 3454 1272 3541 α’φεΐσαν.
1316 3457 1464 3539 Quisquis

333 3567 440 3628 autem
474 3567 576 3627 totum
610 3567 705 3644 caput
737 3561 908 3626 XXXVIII
942 3562 1064 3642 legerit,
1100 3560 1218 3626 videbit
1247 3561 1352 3626 verbis
1382 3577 1463 3641 quae

334 3669 460 3733 exstant
481 3667 534 3741 42,
557 3685 584 3730 οι
609 3659 759 3750 οἱπερὶ
782 3663 853 3728 τὸν
873 3657 1053 3746 Ῥίνονα,
1078 3684 1141 3731 non
1157 3664 1259 3730 solum
1274 3664 1463 3745 Rhinonem,

333 3770 388 3834 sed
416 3770 511 3834 etiam
541 3770 655 3851 quibus
678 3769 816 3851 praefuit
838 3769 948 3834 decem
971 3770 1014 3850 (v.
1037 3769 1091 3850 41,
1113 3769 1153 3848 ar)
1178 3767 1358 3850 significari.
1402 3766 1464 3832 Ne-

334 3892 395 3955 que
427 3873 600 3953 quidquam
634 3874 750 3950 obstat,
780 3873 949 3953 quominus
981 3873 1030 3951 14,
1055 3897 1092 3952 u,
1114 3872 1169 3936 ubi
1191 3870 1289 3936 verba
1312 3864 1351 3934 oi
1371 3872 1464 3954 aspi

333 3969 397 4037 τόν
430 3971 636 4055 Μεγακλέα
669 3976 813 4056 legimus
848 3976 887 4039 de
922 3975 1064 4058 Megaole
1087 3978 1120 4039 et
1141 3974 1234 4040 sociis
1258 3976 1325 4041 eius
1347 3974 1465 4054 cogite-

333 4100 417 4159 mus;
441 4082 535 4146 immo
559 4080 726 4147 verisimile
749 4085 798 4145 est
820 4080 1021 4146 Pisistratum
1043 4097 1108 4145 non
1130 4098 1149 4144 a
1172 4078 1313 4161 Megaoie
1326 4098 1389 4144 uno
1411 4098 1464 4143 ex-

333 4184 458 4266 pulsum
489 4203 567 4250 esse.
613 4185 715 4249 Huius
742 4183 804 4248 looi
833 4178 945 4248 similis
974 4186 1024 4248 est
1046 4183 1098 4262 30,
1120 4205 1159 4246 aa
1203 4180 1322 4248 Contra
1345 4181 1395 4262 18,
1418 4203 1464 4246 aa:

333 4284 427 4360 τούς
449 4290 539 4372 περί
561 4285 827 4376 Ἀνακρέοντα
850 4288 914 4348 καί
933 4281 1161 4368 Σιμωνίδην
1175 4288 1231 4347 καὶ
1247 4283 1326 4358 τούς
1341 4279 1465 4356 ἄλλους
