3318 5144
370 387 413 452 46

328 602 380 658 τις
401 582 513 666 ἐστίνς
548 585 619 664 179,
633 605 674 648 2³:
702 581 766 666 την
787 577 952 666 μουσικην
974 577 1107 668 δρῶμεν
1130 581 1196 646 διά
1219 581 1465 664 μελοποιίας

329 690 393 748 καί
417 685 584 773 ῥυθμῶν
607 681 749 768 ούσαν,·
772 688 886 767 234,ε;
909 682 1021 749 πολλοὶ
1046 684 1271 771 δημεύουσι
1294 686 1361 750 διά
1385 688 1466 752 τάν

330 788 616 875 δικαστηρίων,·
652 790 724 872 251,
748 811 791 855 εει
826 787 1014 863 ἐξέπεσον
1048 787 1115 853 διά
1148 789 1292 876 μάχης,·
1326 793 1399 872 264,
1422 814 1464 856 us:

329 893 422 977 εἴπερ
445 890 564 973 ἔχομεν
587 890 637 954 δι’
658 886 712 955 ιύν
735 894 986 977 φθείρονται
1010 887 1047 954 αἱ
1068 891 1249 969 πολιτείαν,
1272 892 1392 975 ἔχομεν
1408 897 1464 955 καὶ

330 995 380 1060 δι’
401 989 455 1059 οἷν
478 993 692 1081 σῴζονται,
726 996 799 1076 280,
822 1019 852 1060 s:
885 991 947 1058 ἐάν
970 993 1020 1057 δι’
1053 990 1212 1079 ἀπάτης
1245 991 1346 1080 ἄρξῃ
1370 993 1464 1078 τιςῆ

328 1101 420 1182 βίας,
436 1100 543 1184 -68,
561 1124 603 1166 ³1:
627 1103 764 1183 γέγονε
787 1098 823 1162 δὲ
846 1095 915 1162 διά
938 1097 1019 1163 τάν
1041 1097 1166 1185 ἔργον
1189 1095 1305 1163 αύτάν
1327 1096 1465 1185 δῆλον,

330 1205 376 1270 cf·
410 1206 481 1287 128,
504 1225 546 1286 ιο;
580 1241 621 1252 -
657 1206 728 1285 174,
752 1227 779 1270 s:
817 1200 1001 1289 φανερὸν
1035 1201 1102 1266 διά
1136 1200 1301 1266 πολλάν
1322 1205 1384 1284 μὲν
1408 1207 1466 1265 καί

329 1302 627 1391 ἑτέρων--καί
650 1305 717 1371 διά
740 1313 821 1372 τῶν
842 1303 1044 1387 Ὀλύμπου
1067 1302 1217 1390 μελάν,·
1251 1342 1292 1353 -
1324 1309 1396 1389 121,
1421 1329 1466 1371 ιιι

331 1413 411 1491 βίος,
445 1405 554 1474 ὁδιά
588 1412 659 1475 τού
694 1406 1081 1493 συμπολιτεύεσθαι
1115 1414 1171 1472 καί
1201 1419 1376 1474 κοινωνεῖν
1402 1405 1467 1472 πύ-

330 1512 426 1598 λεως,
452 1519 521 1598 141,
545 1539 572 1581 ⁵:
606 1514 713 1579 τοῦτύ
736 1538 770 1598 γε
793 1510 932 1599 εὕρηται
955 1511 1020 1578 διὰ
1043 1513 1119 1577 τού
1141 1513 1466 1590 κατασκευάζειν

330 1611 502 1699 ύποδοχάς
525 1614 677 1706 ὀμβρίοις
700 1613 834 1681 ὕδασιν.

434 1758 487 1821 De
520 1758 755 1834 hominibus,
790 1777 848 1840 per
870 1777 950 1840 quus
983 1759 1058 1840 quid
1093 1757 1132 1824 fit
1167 1763 1224 1824 aut
1256 1758 1376 1824 factum
1407 1765 1468 1839 cst,

331 1862 430 1930 multo
453 1864 556 1928 rarius
588 1858 646 1926 διά
670 1881 696 1928 c.
720 1862 823 1929 Genit.
847 1869 1033 1944 usurpatum
1056 1863 1248 1928 invenimus:
1284 1861 1336 1942 48,
1360 1886 1402 1926 ιιι
1438 1861 1471 1924 εἴ

332 1981 421 2039 τινες
443 1961 608 2029 δύναιντο
631 1963 681 2027 δι’
704 1959 845 2028 αύτάν
877 1967 1052 2049 χαίρειν,
1088 1967 1160 2046 171,
1184 1987 1225 2031 ³⁵:
1260 1962 1310 2026 δι’
1333 1960 1468 2028 ἄλλων

333 2061 418 2130 αάτδ
442 2063 640 2132 ποιούντων
660 2064 1002 2150 μεταλαμβάνειν
1034 2066 1095 2150 τῆς
1123 2061 1261 2150 ἡδονῆς,
1284 2068 1356 2149 206,
1380 2091 1422 2133 cc:
1446 2062 1466 2152 ἡ

331 2174 530 2235 κοινωνία
555 2167 573 2254 ἡ
594 2167 751 2256 πολιτικη
776 2212 817 2221 -
839 2165 858 2255 ἡ
882 2166 951 2234 διά
975 2169 1029 2234 τά
1039 2192 1059 2234 ν
1080 2173 1227 2255 μέσων,
1250 2173 1324 2252 274,
1348 2194 1378 2237 s:
1403 2191 1468 2255 φυ-

332 2270 414 2359 λακή
448 2271 602 2358 βασιλική
636 2277 698 2356 μὲν
730 2271 899 2357 πολιτική,
933 2274 1118 2359 τυραννική
1154 2273 1190 2338 δὲ
1223 2271 1290 2337 διά
1325 2275 1450 2349 ξένων
1458 2299 1469 2352 ,·

332 2378 405 2459 282,
428 2400 471 2442 cc:
497 2370 515 2460 ἦ
540 2414 577 2424 -
601 2375 755 2457 βασιλεία
783 2375 954 2462 σῴζεται
978 2374 1045 2440 διά
1069 2377 1150 2442 τάν
1174 2376 1318 2462 φίλων,
1342 2380 1413 2461 286,
1438 2402 1466 2444 u:

332 2477 394 2554 τὰς
417 2477 453 2542 δὲ
475 2476 628 2554 κολάσεις
651 2476 916 2566 (ἀπονέμειν)
941 2479 992 2544 δι’
1014 2477 1173 2567 ἑτέρων.

434 2621 468 2704 4)
492 2621 583 2700 Quod
606 2622 737 2688 Euckcn
761 2623 805 2704 (p.
823 2623 863 2687 38
879 2623 974 2703 extr.)
993 2622 1069 2687 dicit
1084 2618 1151 2684 διά
1174 2642 1200 2688 c.
1224 2621 1348 2687 Genit.
1371 2641 1468 2704 saepe

333 2726 373 2790 ab
396 2723 567 2791 Aristotele
583 2726 739 2808 usurpari,
763 2727 823 2791 ubi
846 2746 892 2790 ex
915 2725 1103 2791 communi
1126 2725 1281 2790 dicendi
1304 2744 1373 2790 usu
1397 2721 1468 2786 διά

316 2817 359 2893 c.
376 2828 459 2894 Acc.
483 2834 568 2894 stare
592 2828 718 2909 debeat,
734 2831 754 2894 i.
771 2848 797 2894 e.
821 2833 865 2892 ut
888 2847 1041 2894 causam
1064 2828 1281 2911 significet,
1304 2833 1469 2910 propter

333 2950 440 3012 quum
474 2930 565 3013 quid
598 2930 660 3012 iit,
696 2932 756 2997 hoc
789 2932 875 2997 valet
908 2933 940 2997 in
963 2933 1012 2997 his
1036 2933 1154 2997 tribus:
1191 2931 1262 3011 164,
1286 2953 1327 2995 aa:
1362 2933 1414 3003 τίς
1437 2927 1468 2991 δ’

333 3031 428 3097 ἐστίν
449 3030 589 3096 παιδεία
611 3036 667 3095 καί
689 3031 761 3108 παῖς
779 3032 840 3117 χρη
863 3029 1102 3109 παιδεύεσθαι,
1126 3029 1176 3094 δεῖ
1197 3029 1242 3116 μὴ
1266 3029 1466 3109 λανθάνειν,

334 3135 400 3202 νύν
432 3132 495 3222 γάρ
530 3130 857 3221 ἀμφισβητεῖται
890 3134 957 3198 διά
992 3137 1077 3201 τῶν
1109 3133 1234 3221 ἔργων
1268 3137 1335 3217 (ubi
1358 3133 1416 3198 διά
1440 3159 1465 3204 c.

334 3240 439 3307 Genit.
474 3259 576 3324 neque
612 3240 860 3320 ,thatsitchlicffl
897 3241 1085 3306 vertendum
1107 3259 1178 3306 cum
1202 3240 1401 3332 Susemihlio,
1436 3261 1465 3323 p.

333 3343 407 3424 487,
431 3362 533 3426 neque
557 3363 628 3409 cum
651 3342 796 3409 Bckkero
821 3345 852 3408 in
874 3348 953 3428 περί
980 3364 1007 3409 c.
1030 3343 1136 3409 Genit.
1160 3344 1370 3422 mutandum),
1395 3364 1468 3426 pro-

334 3451 405 3529 pter
427 3465 465 3511 ea
487 3465 569 3528 quae
591 3465 626 3510 rc
649 3464 724 3511 vera
745 3446 840 3527 fiunt;
865 3446 936 3526 182,
950 3469 992 3512 21:
1015 3454 1108 3519 τοῖς
1130 3440 1377 3530 ἀπειρηκόσι
1400 3442 1467 3509 διὰ

334 3545 483 3635 χρόνον
524 3545 564 3612 ού
599 3545 719 3634 ῥηίδιον
752 3543 848 3634 ᾄδειν
881 3546 943 3623 τὰς
978 3547 1167 3622 συντόνους
1200 3544 1380 3633 ἁρμονίας,
1414 3553 1468 3632 qui

334 3658 465 3736 propter
500 3655 613 3719 aetatis
640 3655 829 3734 gravitatem
853 3674 885 3720 se
909 3656 1108 3734 abdicarunt,
1132 3652 1207 3734 (nisi
1230 3659 1374 3735 praestat
1397 3673 1467 3719 cum

335 3757 493 3823 nonnullis
522 3757 682 3822 codicibus
706 3761 739 3821 et
761 3755 907 3822 Bekkerc
930 3758 1036 3839 legere
1059 3758 1119 3822 hoc
1152 3775 1279 3839 quoque
1312 3757 1381 3821 loco
1409 3753 1467 3819 διά

336 3855 472 3943 χρόνον,
507 3861 595 3925 utin
618 3860 763 3926 omuibus
787 3860 948 3926 codicibus
971 3861 1087 3943 legitur
1125 3861 1197 3942 137,
1221 3882 1263 3924 ιιι
1288 3860 1409 3942 πρέπει
1432 3857 1469 3921 δὲ

334 3997 378 4010 -
403 3999 438 4009 -
463 3960 528 4044 την
562 3958 761 4025 ἀνάπαυσιν
795 3959 884 4043 ἔχειν
917 3966 994 4047 περὶ
1028 3959 1155 4036 αύτούς
1188 3957 1266 4036 τούς
1295 3958 1361 4023 διά
1395 3962 1469 4027 τδν

335 4060 486 4149 χρόνον
519 4060 773 4148 ἀπειρηκότας);
809 4104 847 4111 -
882 4067 955 4148 291,
979 4089 1020 4131 14:
1055 4062 1193 4130 creddaiv
1216 4082 1252 4128 τε
1276 4062 1391 4128 ου’σών
1414 4067 1469 4127 αι’-

336 4167 436 4233 τιάν
459 4167 509 4240 δι’
530 4161 584 4230 ἀν
606 4170 793 4250 γίνονται
816 4164 853 4230 αἱ
873 4164 1067 4250 μεταβολαί.

439 4309 472 4392 5)
496 4309 568 4376 Ριο
604 4309 790 4376 adverbio
820 4308 978 4392 modali,
1013 4314 1048 4376 ut
1070 4308 1260 4394 quomodo
1283 4309 1374 4394 quid
1397 4308 1469 4376 fiat
