3318 5144
1239 386 1278 449 21

196 585 344 649 infinitivi
368 584 569 649 coniunctum
593 589 651 662 osi,
675 602 767 664 quiem
791 601 882 648 usum
907 582 1034 647 Encken
1059 582 1102 664 (p.
1127 581 1179 660 15)
1202 581 1278 644 dicit
1293 581 1324 644 in

195 688 283 754 libris
317 687 527 753 Aristotelicis
560 686 842 768 pseudepigraphis
865 687 992 768 saepius
1014 686 1157 767 reperiri
1191 703 1230 748 ex
1252 702 1326 747 vere

196 791 404 856 Aristotelicis
426 789 526 856 solam
551 790 744 869 „Historiam
760 788 963 853 animaiinm“
982 787 1073 853 huius
1092 805 1167 853 usus
1182 787 1326 868 exempla

197 892 358 974 praebere.

296 997 329 1073 3)
352 996 392 1061 In
416 995 680 1077 comparandis
696 994 840 1060 duabus
856 995 968 1059 robus
983 990 1051 1077 πρό
1066 1012 1221 1075 nusquam
1235 1011 1327 1058 usur·

197 1105 304 1181 patum
328 1098 452 1181 iegitur.

289 1489 344 1573 ·ΙΙ.
398 1488 699 1599 Praepositiones
726 1513 810 1573 curn
839 1489 975 1572 Dativo
1003 1489 1234 1574 coniunctae.

699 1708 731 1775 l.
786 1707 832 1775 ἐν.

562 1905 597 1954 a.
641 1891 693 1954 In
716 1889 957 1956 Politicis.

610 2061 674 2124 612
696 2061 774 2126 locis
798 2063 910 2125 exstat.

296 2233 584 2315 Frequentissimus
617 2237 666 2298 cst
696 2251 773 2297 usus
803 2232 896 2297 huius
928 2234 1173 2314 praepositionis
1208 2233 1330 2299 multis-

195 2355 257 2418 que
286 2336 523 2417 significationis
553 2335 760 2400 recinentibus
796 2336 937 2416 insignis,
968 2342 1004 2400 ut
1037 2338 1068 2401 in
1103 2337 1152 2402 his
1185 2337 1330 2402 omnibus

195 2439 408 2506 discernendis
436 2445 468 2504 et
500 2439 612 2504 ordine
634 2439 838 2519 disponendis
862 2437 1080 2504 difficillimum
1105 2457 1198 2520 saepe
1220 2440 1262 2503 sit
1283 2440 1330 2502 iu·

197 2544 322 2609 dicium.

299 2645 330 2726 1)
354 2646 459 2727 Atque
480 2645 588 2710 Incolis
610 2645 738 2726 quidem
761 2667 851 2724 usna,
876 2665 937 2726 quo
960 2644 998 2708 ἐν
1021 2646 1064 2709 de
1086 2648 1170 2712 ioco
1193 2646 1330 2728 ponitur,

194 2747 257 2815 ubi
287 2749 460 2832 quidest
493 2755 632 2828 manet,
667 2748 732 2814 ubi
766 2749 855 2829 quid
889 2749 949 2829 fit,
983 2768 1078 2832 quum
1103 2750 1242 2813 omnium
1265 2748 1332 2813 iero

194 2853 235 2918 sit
264 2851 483 2930 creberrimus,
519 2851 626 2915 omnia
655 2853 802 2934 exempla
832 2852 974 2932 proferre
1005 2858 1038 2917 ot
1067 2852 1196 2933 longum
1227 2856 1277 2916 esi
1299 2856 1332 2915 et

194 2955 321 3020 minimo
355 2956 578 3020 necessarium.
623 2956 672 3019 De
705 2955 823 3021 talibus
858 2957 940 3020 onim
975 2954 1197 3035 locutionibus
1221 2954 1331 3035 quales

193 3065 268 3124 sunt
295 3055 338 3120 ἐν
363 3067 447 3132 τοῖς
473 3050 717 3141 ὑπερορίοις,
745 3056 789 3120 τοὶ
820 3056 860 3120 ἐν
890 3066 976 3132 τοῖς
999 3066 1169 3144 ψυχροῖς
1191 3057 1332 3129 τόποις

193 3159 287 3244 idun,
310 3157 352 3222 ἐν
374 3159 451 3246 (τῇ)
475 3154 610 3244 ἀγορᾷ,
633 3153 671 3224 or‘
693 3158 737 3223 ἐν
757 3158 875 3246 νήσῳ,
890 3159 931 3222 ἐν
947 3161 1331 3243 τοτςδικαοτηρίοις,

192 3263 236 3352 ἐν
265 3273 353 3337 ταῖς
379 3261 535 3338 πόλεσι,
561 3261 602 3326 ἐν
632 3262 928 3348 Συρακούσαις,
956 3262 998 3327 ἐν
1030 3259 1171 3347 Κρήτῃ,
1201 3261 1238 3326 ἐν
1267 3263 1333 3326 Ar'·

193 3365 321 3452 γύατῳ,
344 3386 424 3449 qnae
449 3386 629 3433 communes
652 3373 728 3432 sunt
751 3369 889 3432 omniurn
912 3369 1112 3450 scriptorum,
1136 3367 1214 3432 satis
1237 3366 1333 3431 habe-

194 3490 264 3537 mus
291 3490 556 3537 commemorasse
583 3471 702 3536 nuliam
731 3471 796 3536 fere
824 3491 894 3536 esse
918 3473 1076 3552 paginam,
1112 3470 1167 3534 ubi
1189 3486 1252 3534 non
1276 3469 1333 3533 ali·

195 3593 289 3658 quarn
318 3577 469 3641 invenias.
513 3573 635 3652 Quibus
659 3576 809 3656 exceptis,
832 3575 863 3639 in
896 3574 955 3638 hoc
984 3591 1057 3654 usu,
1086 3591 1148 3654 quo
1178 3569 1216 3634 ἐν
1238 3591 1333 3636 sensu

195 3679 345 3760 primario
373 3679 466 3743 locali
494 3679 633 3759 ponitur,
661 3683 783 3743 restant
812 3677 1113 3742 commemoratione
1136 3676 1232 3756 digna
1254 3675 1334 3738 lraec

193 3799 275 3863 faro:
308 3774 328 3863 ἦ
361 3778 403 3843 ἐν
434 3775 568 3864 Ἀρείῳ
601 3775 711 3864 πάγῳ
745 3775 884 3863 βουλή.·
918 3783 968 3854 70,
997 3803 1035 3860 aa,
1065 3799 1092 3857 r;
1123 3781 1195 3856 253,
1218 3795 1263 3856 ιο;
1293 3811 1335 3822 -

193 3889 266 3968 223,
288 3907 331 3960 νος
361 3884 406 3948 ‘ro'
434 3881 475 3945 dr
505 3884 708 3966 Φρεαττοῖ
734 3879 1019 3970 δικαστήριον,·
1046 3917 1087 3930 -
1113 3885 1184 3960 142,
1206 3905 1235 3945 a:
1258 3889 1337 3941 κεῖ-

194 3992 292 4053 σθαι
315 3989 378 4052 τόν
401 3985 514 4052 τόπον
529 3985 572 4050 ἔν
589 4023 628 4034 -
646 3981 821 4072 τοιούτῳ
829 4011 839 4064 3
861 3989 908 4068 15,
923 4009 963 4052 ιιι
987 3980 1051 4048 ὅσα
1075 3980 1110 4046 δὲ
1127 3983 1283 4068 ζῳοτοκεῖ
1297 4017 1336 4029 -

195 4093 261 4175 ἔχει
292 4091 427 4177 τροφήν
455 4089 497 4154 ἐν
520 4084 677 4166 αὑτοϊςς
699 4093 750 4168 62,
775 4113 816 4156 n:
840 4090 882 4154 ἐν
905 4089 958 4178 τῷ
982 4087 1102 4173 κοινῷ
1126 4087 1186 4170 τῆς
1207 4083 1338 4160 πόλεως

197 4200 240 4274 (in
268 4199 391 4262 aerario
420 4195 560 4279 publico)
588 4193 684 4257 ἔστιν
707 4189 824 4271 eddam
857 4195 928 4271 118,
951 4216 993 4259 ar:
1016 4191 1123 4276 τριῶν
1146 4187 1261 4254 odorio
1283 4211 1339 4268 με·

195 4298 340 4386 ρίόιον-
370 4301 475 4362 -καὶ
498 4295 577 4360 τῶν
600 4296 640 4364 ἐν
662 4297 717 4384 τῷ
739 4295 894 4378 σώματι
917 4300 974 4359 καὶ
996 4293 1196 4376 τώνέντῇ
1213 4292 1339 4378 ψοχῇς
