3318 5144
378 383 398 447 2

334 581 423 662 quid
445 599 485 647 se
507 587 656 648 amovet
677 589 743 649 aut
765 589 963 651 amovetur
984 621 1035 666 —,
1071 589 1119 654 his
1142 589 1218 656 locis
1241 591 1464 672 conspicimus:

332 685 404 764 285,
429 707 455 749 o:
490 695 561 758 τοῖς
591 683 619 764 γ’
641 683 899 759 ἐκτοπίζουσι
922 693 1103 772 τυράννοις
1126 686 1204 754 ἀπὸ
1228 691 1295 775 τῆς
1318 694 1466 775 οἰκείας

332 789 387 846 καί
423 788 585 870 συμφέρει
617 787 739 864 τοῦτο,·
765 792 835 870 145,
859 813 886 854 ³:
921 790 1030 854 τόπον
1064 788 1297 875 εὐσυνάγωγον
1320 805 1407 866 τοῖς
1428 813 1465 856 τε

332 883 409 950 ἀπὸ
444 889 514 970 τῆς
546 888 754 974 θαλάττης
786 895 1062 972 πεμπομένοις
1095 899 1150 955 καί
1184 906 1269 968 τοῖς
1293 894 1370 959 α’πό
1395 897 1465 978 τῆς

331 989 456 1075 χώρας
482 997 608 1069 πᾶσιν,·
642 997 712 1074 141,
736 1018 779 1058 to:
814 991 859 1056 τὰ
893 995 1075 1076 πνεύματα
1102 997 1146 1060 τοὶ
1180 1000 1358 1060 πνέοντα
1381 996 1462 1061 α’πό

330 1094 397 1177 τῆς
436 1092 646 1179 α’νατολῆς.
704 1095 783 1162 Cum
815 1099 864 1164 his
898 1100 1034 1164 conferri
1068 1108 1202 1181 possunt
1235 1120 1316 1183 quae
1349 1103 1401 1181 47,
1436 1126 1463 1166 ιε

330 1198 492 1280 leguntur:
517 1194 594 1261 α’πὸ
623 1198 701 1262 τῶν
724 1193 920 1284 οἱρισμένων
942 1200 1179 1286 τιμημάτων
1202 1204 1333 1276 εἰςτὰς
1356 1199 1463 1287 ἀρχάς

329 1299 523 1381 βαδίζειν,
557 1324 639 1385 quae
673 1307 780 1385 verba,
816 1307 890 1370 licet
923 1307 964 1371 ad
998 1326 1063 1372 rem
1098 1309 1283 1373 ascusibus
1307 1315 1462 1374 remotam

329 1407 495 1487 translata,
519 1407 652 1472 localem
676 1413 782 1471 tamen
807 1409 951 1473 redolent
974 1428 1075 1474 usum.

432 1513 480 1575 De
503 1512 585 1576 loco
608 1515 724 1590 autem,
748 1530 767 1574 a
790 1530 861 1591 quo
885 1511 975 1591 quid
998 1512 1159 1594 distare,
1176 1514 1324 1592 abesse,
1342 1514 1462 1579 seiun-

328 1622 426 1681 ctum
449 1635 529 1680 esse
553 1615 706 1694 dicitur,
730 1609 801 1674 α’πό
819 1632 843 1677 c.
868 1613 983 1694 Gemit,
1007 1616 1111 1681 verbis
1134 1636 1216 1697 quae
1232 1618 1381 1682 manendi
1398 1617 1459 1681 vim

328 1719 448 1784 habeut
480 1719 674 1797 adiunctum,
711 1723 898 1797 usurpatum
933 1716 1067 1798 legimus
1101 1717 1161 1780 hoc
1194 1719 1278 1784 loco:
1317 1719 1386 1799 138,
1418 1739 1460 1782 ιιι

328 1815 464 1904 ἀπέχει
499 1817 534 1881 δὲ
566 1818 678 1881 ταῦτα
713 1812 778 1878 ἄπ’
811 1814 994 1900 αλλήλων
1029 1811 1110 1879 ὁδὸν
1146 1815 1297 1901 ἡμισείας
1327 1817 1459 1902 ἡμέρας,

328 1942 464 2005 quocum
499 1923 608 1989 confer
640 1942 721 2004 quac
756 1923 911 1988 translato
946 1941 1040 1988 seusu
1075 1924 1160 1987 dicta
1192 1927 1267 1986 suut
1292 1923 1362 2002 186,
1385 1919 1459 2004 ιεὴ

327 2022 388 2110 γὰρ
423 2020 668 2109 οἷριστοκρατία
702 2021 910 2106 διέστηκεν
932 2021 1011 2085 α’πό
1035 2022 1181 2108 ταύτης
1203 2019 1291 2085 πολι)
1317 2022 1376 2106 τῆς
1398 2042 1459 2085 πο-

326 2127 451 2202 λιτείας
471 2135 504 2193 et
525 2130 596 2207 235,
614 2151 658 2192 aa:
680 2122 740 2189 οὐκ
755 2125 933 2189 ἐθέλουσιν
949 2123 1026 2188 α’πό
1050 2125 1133 2188 τοῖν
1156 2124 1269 2188 ἰδίων
1293 2123 1459 2188 α’πεῖναι

326 2232 423 2311 („vou
446 2232 534 2296 ihren
558 2233 690 2313 eigeneu
714 2229 905 2296 Geschiiiteu
930 2231 998 2295 sich
1022 2229 1218 2311 eutiemeu“,
1253 2230 1457 2310 llirchmauu,

325 2353 354 2414 p.
369 2334 507 2408 216).—
536 2335 578 2397 lis
594 2333 757 2415 exemplis,
774 2338 904 2414 propter
919 2332 1086 2397 finitimam
1104 2334 1348 2414 praepositionis
1364 2334 1458 2414 sigui·

324 2436 513 2514 ficationem,
548 2441 623 2516 apte
645 2437 791 2518 subiungi
815 2441 920 2517 potest
942 2436 1070 2515 locutio,
1095 2455 1177 2518 quae
1200 2438 1316 2518 legitur
1339 2435 1390 2517 35,
1414 2457 1457 2499 ro:

324 2536 429 2600 τοῦτο
463 2533 539 2599 δ’ἄν
572 2558 624 2610 τις
657 2541 712 2599 καί
736 2541 853 2621 χωρίς
876 2539 1042 2622 σκέψαιτο
1066 2534 1145 2600 α’πό
1170 2538 1251 2601 τῶν
1274 2575 1315 2584 -
1339 2575 1378 2584 -
1403 2560 1457 2600 νε-

324 2641 670 2723 νομοθετημένων.
716 2641 879 2724 Significat
912 2644 996 2707 enim
1019 2642 1079 2708 hoc
1102 2644 1171 2708 loco
1194 2638 1266 2704 α’πὸ
1291 2663 1317 2708 c.
1341 2642 1456 2723 Genit,

324 2736 409 2825 quod
443 2762 513 2810 cum
543 2745 698 2812 vocabulo
721 2748 818 2827 χωρίς
842 2746 1104 2826 coniungeudum
1128 2765 1205 2825 rem,
1230 2766 1249 2810 a
1271 2766 1333 2827 qua
1354 2747 1456 2810 altera

324 2849 529 2929 seiungcuda‚
560 2851 756 2931 segreganda
779 2856 837 2915 est.
883 2849 970 2914 idem
1003 2852 1100 2930 igitur
1134 2852 1220 2916 valet
1251 2852 1351 2931 χωρὶς
1384 2843 1454 2909 α’πύ

324 2957 421 3032 atque
446 2957 614 3032 „getreunt
637 2955 716 3017 von“
742 2951 794 3033 (ll.
819 2972 849 3033 p.
874 2950 941 3036 34).
986 2952 1051 3017 Cir.
1076 2953 1204 3017 lluclrcu
1229 2972 1259 3033 p.
1284 2955 1325 3016 10
1339 2953 1407 3016 init.
1424 2957 1455 3014 et

323 3053 391 3120 Iud.
415 3055 470 3120 Ar.
494 3074 520 3120 s.
542 3073 571 3119 v.
595 3050 666 3115 α’πό
689 3059 770 3119 extr.
793 3054 870 3119 fere.

427 3159 498 3223 Duo
522 3159 584 3222 iam
607 3163 730 3223 restant
753 3159 824 3238 loci,
848 3160 963 3239 quibus
987 3155 1058 3220 ιῖπό
1082 3159 1175 3223 locali
1198 3175 1292 3223 sensu
1315 3156 1453 3236 positum

321 3261 468 3341 legimus:
493 3263 543 3341 72,
567 3282 608 3324 41:
632 3255 722 3332 ὅπως
742 3259 787 3343 μη
811 3255 994 3333 ἄποπτος
1017 3259 1113 3322 ἔσται
1136 3257 1157 3342 ἡ
1181 3257 1349 3340 Κορινθία
1372 3252 1451 3316 α’πό

320 3363 392 3424 τοῦ
416 3359 602 3442 χώματος
625 3370 656 3428 et
678 3365 751 3444 232,
774 3385 801 3427 o:
832 3359 893 3446 (μὴ
915 3361 1041 3436 ἐξεῖναι
1065 3360 1248 3443 κεκτῆσθαι
1271 3356 1350 3440 γῆν)
1374 3352 1452 3418 ἆπό

321 3486 431 3537 τινος
453 3463 579 3527 τόπου
602 3463 686 3546 προς
707 3465 748 3527 τὸ
772 3461 860 3527 ἄστυ
884 3468 938 3524 καὶ
962 3464 1025 3547 την
1048 3461 1160 3526 πόλιν.
1205 3462 1345 3539 Quorum
1366 3463 1453 3542 prior

321 3570 398 3633 nihil
432 3569 528 3632 habet
562 3569 721 3650 singulare
751 3576 806 3633 aut
828 3569 913 3649 quod
937 3589 956 3632 a
979 3569 1137 3633 communi
1160 3565 1284 3630 dicendi
1308 3570 1452 3630 cosuetu-

321 3673 393 3737 dine
416 3671 595 3749 abhorreat,
630 3672 712 3735 alter
745 3674 798 3754 qui
829 3673 938 3752 paucis
961 3671 1135 3751 explicetur
1159 3670 1272 3749 diguus
1295 3673 1352 3732 est.
1399 3668 1452 3732 Ait

319 3776 379 3839 hoc
403 3777 479 3840 -loco
514 3775 703 3839 Aristoteles
738 3777 769 3839 in
791 3775 902 3855 priscis
926 3774 1107 3838 civitatibus
1130 3772 1199 3853 lege
1222 3773 1450 3852 praescriptum

319 3878 418 3943 luisse
441 3882 562 3942 certum
587 3876 724 3956 aliquem
748 3878 862 3954 locum,
898 3876 951 3956 qui
975 3876 1128 3940 terminus
1152 3881 1245 3949 esset,
1282 3895 1300 3940 a
1324 3893 1386 3957 quo
1410 3875 1450 3938 ad

319 3981 429 4044 urbem
452 3999 561 4044 versus
585 3996 706 4058 agrum,
744 3982 831 4043 certo
854 3979 958 4058 spatio
982 3979 1144 4052 maiorem,
1177 3978 1238 4042 sibi
1261 3995 1374 4057 parare
1397 3996 1451 4041 ne·

319 4085 395 4148 miui
428 4083 547 4147 liceret.
592 4081 652 4142 Hic
680 4087 787 4144 autem
824 4082 997 4157 „terminus
1021 4099 1040 4144 a
1063 4083 1144 4161 quo“
1182 4075 1252 4139 ἅπὸ
1288 4079 1451 4160 praeposi·

319 4187 405 4249 tiouo
429 4182 748 4265 propriciudicatur.
832 4223 836 4232 -

420 4290 454 4368 2)
480 4285 653 4366 Temporuli
675 4305 769 4349 ειιιειι
805 4293 988 4366 usurpatum
1020 4279 1090 4346 ἀπό
1113 4287 1380 4367 praepositionem
1405 4284 1448 4348 lo-
