3284 5142
403 347 462 412 128
519 357 523 365 '

464 542 727 608 Transmarisca·
755 542 880 608 easdem
905 543 935 606 in
958 542 996 606 A.
1020 542 1055 606 P.
1079 561 1157 622 quas
1180 543 1212 608 iu
1235 543 1272 626 P,
1294 544 1378 608 etin
1403 560 1485 606 eom·

355 648 443 712 inuni
466 649 620 712 sermonis
643 666 703 712 usu
726 647 902 712 invenimus
924 648 1107 710 varietates,
1151 646 1291 722 Quorum
1315 647 1487 728 pleraeque

356 749 415 826 [cfr
448 749 506 815 sub
530 751 574 827 5),
599 750 642 829 7),
665 749 709 830 8),
734 749 781 832 9)]
816 751 912 813 eiam
946 751 972 814 si
1005 748 1221 830 exemplorum
1250 749 1487 814 multitudinem

355 857 543 935 spectamus
577 854 664 934 satis,
698 871 757 934 pro
792 852 913 917 minore
946 851 1031 918 illius
1061 853 1166 932 operis
1189 854 1320 932 ambitu,
1345 854 1430 918 inter
1454 873 1487 917 se

355 956 548 1036 respondere
584 956 739 1021 videntur.
785 955 872 1033 Quae
906 955 937 1020 in
960 955 996 1019 P.
1019 955 1212 1037 saepissime,
1236 957 1268 1020 in
1293 957 1329 1020 A.
1353 954 1385 1017 Ρ.
1412 973 1486 1020 raro

355 1060 559 1123 inveniuntur
590 1055 688 1140 (πρός
716 1085 748 1116 =
777 1061 828 1132 „in
852 1058 1027 1124 Ritclrsieht
1050 1058 1140 1130 auf“;
1174 1054 1260 1142 πρός
1293 1061 1324 1124 in
1358 1076 1487 1139 eompa-

354 1162 462 1226 rnudis
485 1165 580 1228 rebus
603 1161 813 1243 usurpatum),
836 1166 967 1243 propter
990 1162 1154 1227 artificiosi
1177 1163 1331 1227 sermonis
1347 1163 1487 1227 colorem

274 1273 277 1278 '
355 1265 521 1329 edicendi
553 1283 667 1346 genere
700 1267 866 1346 perspicuo
899 1273 931 1329 et
953 1265 1037 1343 exili,
1072 1266 1173 1344 qualis
1197 1265 1247 1328 hie
1270 1269 1327 1346 est,
1362 1265 1488 1345 longius

353 1372 495 1432 remotae
518 1369 673 1434 videntur.
696 1405 736 1415 -
760 1370 808 1434 De
832 1369 965 1450 singulis
988 1369 1139 1450 exemplis
1162 1369 1244 1434 inter
1266 1387 1300 1434 se
1323 1355 1487 1448 compara·

355 1470 396 1536 tis
419 1470 529 1536 eadem
552 1472 583 1535 in
607 1472 666 1536 hoc
690 1491 749 1537 usu
773 1470 915 1551 dicenda,
941 1490 1022 1551 quae
1051 1472 1198 1537 inlocali
1222 1472 1315 1538 modo
1340 1471 1487 1536 diximus.

356 1571 476 1637 Multae
500 1574 626 1638 suntin
650 1573 684 1638 P.
708 1575 883 1640 locutiones
907 1574 1129 1654 Aristotelem,
1153 1593 1234 1656 quac
1256 1575 1296 1639 ab
1321 1574 1358 1637 A.
1374 1573 1408 1637 P.
1433 1574 1489 1638 ab·

354 1679 429 1741 sunt
463 1677 562 1756 (velut
584 1665 682 1751 εἶναι,
717 1673 805 1756 ἔχειν
839 1675 923 1761 πρός
957 1699 1007 1756 -;
1041 1673 1125 1760 πρός
1159 1679 1304 1743 absolute
1337 1677 1486 1758 positum,

354 1777 438 1861 πρὸς
471 1775 656 1854 ὑπόθεσιν,1
685 1775 729 1840 τὰ
763 1777 847 1864 πρός
869 1798 913 1855 τι,
944 1777 1028 1853 ἴδιος
1049 1778 1133 1863 πρός
1155 1817 1206 1855 -,
1230 1777 1379 1864 διαφορά
1403 1778 1488 1862 πρός

355 1884 443 1960 eet.);
479 1901 598 1964 paucae
633 1883 664 1945 in
699 1882 736 1946 A.
760 1883 795 1947 Ρ.
830 1885 1031 1965 reperiuntur
1059 1883 1221 1949 Aristoteli
1245 1903 1316 1948 eum
1339 1882 1487 1948 omnibus

353 1984 420 2048 fere
443 1985 648 2065 scriptoribus
672 2003 862 2067 communes,
887 1991 921 2050 ut
943 1984 1029 2069 πρὸς
1051 1983 1152 2069 χάριν
1175 1991 1233 2052 cet.

872 2275 955 2352 ὑπό.

456 2449 551 2515 (lum
574 2447 753 2515 Genitlvo
776 2448 818 2530 (v.
831 2468 881 2530 pp.
907 2448 1099 2529 114-116).
1123 2448 1262 2513 Primum
1287 2449 1484 2515 animadver-

352 2552 483 2615 tendum
507 2557 648 2616 osteum
672 2571 772 2624 usum,
796 2569 857 2632 quo
881 2543 949 2613 ὑπό
973 2569 999 2615 c.
1024 2550 1127 2616 Genit.
1151 2552 1358 2616 substantivis
1374 2553 1485 2617 verba-

353 2656 434 2720 libus
469 2656 659 2737 adiungitur,
694 2658 748 2737 qui
782 2674 857 2720 usus
892 2660 923 2720 in
948 2656 985 2719 A.
1009 2655 1043 2719 P.
1068 2675 1130 2720 non
1154 2656 1321 2730 iuvenitur,
1345 2657 1376 2720 in
1400 2673 1483 2720 conr-

313 2777 316 2782 ’
353 2761 440 2824 muni
462 2778 606 2824 sermone
629 2779 691 2824 non
715 2777 783 2824 esse
805 2758 1002 2839 frequentem
1026 2757 1068 2840 [v.
1092 2758 1225 2823 Ktthner
1247 2760 1267 2838 ξ
1289 2760 1361 2839 442,
1386 2760 1401 2822 l
1425 2761 1483 2824 sub

342 2865 386 2941 2)
411 2868 443 2938 a)
468 2868 557 2940 extr,
592 2863 672 2927 Lutz
706 2882 736 2943 p.
762 2863 824 2927 174
859 2883 926 2945 sqq.
960 2862 1049 2927 nulla
1083 2862 1178 2928 habet
1199 2859 1295 2947 exx.].
1339 2862 1429 2940 Quod
1454 2865 1484 2928 in

354 2966 391 3029 A.
415 2965 449 3029 P.
484 2964 637 3031 Genitivis
671 2984 775 3029 rerum
809 2958 878 3027 ὑπό
912 2985 975 3031 nou
1010 2972 1060 3031 est
1082 2969 1306 3047 praepositum,
1341 2967 1383 3047 id,
1407 2985 1484 3046 qua-

353 3088 477 3149 cunque
500 3089 538 3132 ex
561 3087 656 3133 eausa
679 3069 805 3149 accidit,
829 3089 892 3135 non
915 3075 978 3134 tam
1002 3088 1098 3150 grave
1121 3074 1179 3149 est,
1196 3073 1231 3133 ut
1247 3071 1286 3134 ad
1303 3088 1371 3134 eam
1388 3088 1483 3150 quam

353 3171 444 3236 uobis
468 3172 689 3252 proposuimus
713 3190 779 3236 rem
803 3172 1035 3236 diiudicandam
1059 3173 1229 3253 quidquem
1251 3173 1365 3237 valeat.
1403 3169 1484 3237 Cau-

352 3275 426 3339 salis
459 3292 545 3353 usus,
578 3275 637 3338 etsi
674 3276 705 3339 in
728 3274 762 3338 P.
797 3293 860 3338 uon
894 3276 1062 3354 invenitur,
1097 3279 1203 3339 tamen
1227 3294 1288 3340 nou
1311 3279 1359 3340 est
1381 3275 1421 3339 ab
1445 3274 1483 3338 A.

353 3377 489 3455 alienus3
515 3394 583 3440 eux.
607 3377 638 3440 in
663 3376 731 3441 lnd.
756 3377 810 3442 Ar.
834 3398 858 3443 s.
881 3398 910 3443 v.
934 3374 1013 3441 ὑπό.

386 3530 388 3535 .
455 3480 544 3544 Idem
579 3480 618 3546 dc
652 3473 734 3542 tuo
767 3499 793 3545 c.
817 3483 903 3546 Dat.
927 3482 970 3564 (v.
994 3501 1024 3563 p.
1050 3483 1121 3562 116)
1145 3483 1311 3548 dicendum
1336 3484 1377 3562 (v.
1401 3483 1482 3547 Euc-

352 3581 412 3645 ken
436 3601 465 3664 p.
491 3582 558 3664 73).

455 3687 550 3753 eum
572 3687 807 3757 Accusativo
825 3689 931 3771 (v.-pp.
958 3689 1147 3766 llo-117).
1172 3690 1263 3754 Hune
1279 3707 1369 3753 usum
1387 3708 1483 3770 quum

352 3791 384 3854 in
408 3788 453 3870 P.,
489 3793 553 3854 tam
579 3808 691 3871 magno
717 3809 822 3872 opere,
857 3810 919 3857 non
944 3793 1083 3872 ¹amplius
1106 3794 1271 3873 quinquies
1295 3793 1482 3870 inveniatur,

351 3893 383 3956 in
407 3892 444 3957 A.
469 3892 503 3955 P.
528 3895 655 3959 omnino
679 3894 787 3960 deesse
811 3896 888 3960 nihil
913 3898 1025 3960 mirum
1049 3896 1182 3961 videtur.
