3284 5142
382 392 423 457 88

328 587 418 667 quid
440 587 513 651 siat
535 586 701 668 significat.
747 588 795 652 Ad
817 588 948 652 localem
972 589 1053 651 enim
1079 605 1168 651 usum
1192 605 1290 669 prope
1305 589 1462 652 accedunt

329 708 378 770 ea,
405 691 437 752 in
467 689 582 772 quibus
609 686 666 750 ἔαλ
694 691 929 773 praepositione
952 691 1041 754 euius
1064 691 1109 755 rei
1131 691 1203 770 quis
1225 708 1335 758 euram
1357 694 1458 772 gerat,

329 794 388 856 eui
421 794 474 857 rei
506 793 693 874 gerendae
727 794 886 876 praesit,
920 790 1137 874 praefectus
1172 794 1222 857 eit
1250 791 1460 873 significatum

329 895 401 972 213,
425 915 466 959 aa:
490 898 551 966 τας
574 892 680 979 οἷρχολς
701 931 744 942 —-
765 893 827 968 τοίς
848 891 907 978 ἐφ’
929 890 1112 966 ἑκάστοις
1134 896 1394 974 τεταγμένας,
1415 894 1463 960 cfr

328 997 402 1078 264,
427 1017 467 1076 ιο;
490 1033 529 1041 -
553 997 604 1077 91,
628 1019 669 1062 ro:
703 994 806 1080 οἷρχαλ
828 995 937 1059 πᾶσιν
959 995 1025 1058 tut
1048 992 1212 1070 τούτοις
1233 999 1344 1059 κοιναὶ
1368 997 1462 1057 καθ-

330 1097 513 1180 εστολσιν;
544 1100 613 1176 108,
634 1120 676 1164 aa:
705 1095 792 1184 αὕτη
822 1097 853 1161 δ’
882 1102 936 1180 (so.
964 1097 1128 1180 βασιλεία)
1153 1092 1196 1181 ἦν
1217 1095 1366 1162 ἑκόντων
1386 1100 1461 1179 μέν,

329 1201 394 1264 ἐπὶ
428 1209 511 1264 τισι
545 1200 575 1264 δ’
603 1199 856 1287 ω’ρισμένοις,
890 1203 966 1278 ,auf
995 1205 1176 1269 bestimmte
1210 1203 1380 1270 Geschtttte
1410 1204 1463 1269 be-

330 1305 499 1372 schriinkt‘·
530 1305 685 1386 (Kirchm.
715 1327 745 1389 p.
772 1306 861 1389 100);
896 1306 969 1388 239,
992 1328 1033 1371 ra:
1057 1301 1114 1390 ἐφ’
1138 1299 1162 1389 ᾔ
1183 1303 1388 1390 (ἐτιμελείᾳ)
1413 1302 1463 1366 δεῖ

330 1425 410 1470 τινα
433 1402 541 1492 ἀρχὴν
563 1398 599 1468 εἶ
603 1429 684 1484 ναι,
701 1409 747 1473 cfr
761 1411 834 1488 242,
851 1429 893 1487 νι;
910 1445 951 1454 -
970 1410 1040 1490 191,
1057 1431 1099 1474 ra:
1121 1409 1351 1492 προστίθησιν
1368 1447 1407 1454 -
1424 1445 1460 1455 -

330 1509 453 1591 χαλκέα
481 1514 537 1572 καὶ
565 1507 659 1583 τούς
685 1509 749 1573 ἐπὶ
775 1520 860 1583 τοῖς
883 1508 1117 1592 ἀναγκαίοις
1138 1509 1398 1594 βοσκήμασιν.
1424 1548 1460 1557 -

330 1614 450 1679 Eadem
484 1621 589 1680 autem
621 1616 667 1680 vis
696 1613 810 1690 finalia,
838 1617 974 1696 quaein
998 1615 1046 1681 his
1069 1615 1129 1680 nisi
1152 1615 1286 1680 obscure
1309 1633 1371 1679 non
1395 1615 1458 1679 dis-

332 1719 483 1798 cernitur,
512 1721 625 1799 aperta
652 1722 703 1782 est
731 1722 764 1781 et
793 1716 961 1783 manifesta
988 1719 1019 1782 in
1050 1717 1114 1782 his:
1144 1718 1176 1799 4,
1200 1739 1241 1781 ιιι
1264 1709 1283 1779 ὁ
1308 1713 1343 1777 δὲ
1365 1711 1462 1798 λόγος

330 1816 395 1880 int
428 1819 480 1904 τῷ
510 1816 659 1903 δηλοῦν
687 1817 774 1895 toea,-
801 1822 852 1902 21,
875 1843 900 1884 r:
935 1817 995 1903 ἐφ’
1025 1812 1127 1904 ᾧπερ
1151 1815 1385 1899 ἐπορισάμεθα
1409 1819 1465 1904 (τὸ

335 1918 503 2007 νόμισμα)
529 1921 652 2009 ‚,wozu“
676 1921 829 2002 (Kirehm.
853 1943 881 2004 p.
904 1921 972 2004 20).

433 2026 466 2107 5)
498 2027 617 2091 Penes
649 2045 754 2107 quem
789 2028 878 2107 quid
912 2028 976 2105 sit,
1004 2026 1110 2091 ouius
1132 2026 1169 2091 in
1192 2030 1384 2108 potestate
1407 2025 1464 2090 vel

331 2130 495 2194 arbitrio
529 2129 617 2210 quid
652 2131 815 2210 positum
849 2130 912 2209 sit,
943 2126 1001 2190 ἐπί
1024 2148 1049 2195 e.
1073 2129 1147 2194 Dat.
1171 2129 1268 2193 semel
1291 2127 1464 2210 significat:

332 2234 393 2312 59,
408 2254 450 2296 ra:
473 2227 556 2294 ὅσον
577 2228 636 2316 ἐφ’
660 2228 834 2313 ἑαυτοῖς,
859 2227 940 2314 ὅλην
962 2230 1026 2314 τὴν
1047 2229 1151 2293 πόλιν
1172 2226 1362 2293 ἄνιώλεσαν.

434 2337 466 2413 6)
491 2337 676 2416 Eiususus,
701 2353 763 2416 quo
777 2333 835 2396 aa
850 2352 877 2402 ο.
894 2336 969 2401 Dat.
985 2336 1110 2402 verbis
1126 2335 1333 2401 affectuum
1353 2336 1463 2400 adiun-

331 2441 425 2520 gitur,
448 2444 484 2503 ut
506 2437 660 2520 significet
685 2456 838 2503 eausam
860 2437 1037 2519 affectus,
1054 2459 1152 2503 unum
1168 2439 1343 2504 invenimus
1359 2457 1465 2503 exem·

332 2543 435 2624 plum:
469 2542 541 2621 284,
564 2563 595 2605 a:
631 2537 756 2625 δωρεαῖς
790 2539 955 2622 τοιαύτας
987 2539 1046 2626 ἐφ’
1078 2539 1141 2613 αἷς
1167 2540 1212 2603 τοὶ
1234 2537 1349 2624 πλήθη
1372 2538 1467 2620 χαλε-

332 2647 529 2707 παίνουσιν.
575 2644 688 2710 Verbis
716 2645 796 2710 alius
823 2646 950 2727 generis
973 2642 1029 2710 ἐπὶ
1050 2664 1162 2711 sensu
1185 2645 1331 2710 causali
1354 2644 1467 2711 adiun-

332 2751 419 2832 gitur
448 2750 480 2814 in
510 2749 573 2814 his:
601 2750 674 2828 260,
698 2771 738 2812 ae:
768 2745 827 2809 ἐπ’
854 2748 968 2831 αἰτίᾳ
989 2750 1172 2828 μοιχείας
1198 2784 1233 2792 -
1257 2783 1301 2795 -
1322 2764 1464 2831 αοιησα·

331 2855 444 2931 μένον
471 2852 540 2935 τήν
566 2837 706 2914 κόλασιν
728 2857 759 2916 et
782 2854 855 2930 223,
879 2872 921 2931 ²⁸3
950 2852 1006 2916 ubi
1029 2869 1098 2915 eum
1121 2850 1268 2917 Bekkero
1292 2853 1337 2915 sic
1359 2851 1467 2933 legon-

333 2948 407 3022 dum
430 2976 558 3023 censeo:
582 2952 646 3018 ὅσα
669 2965 740 3029 τοῖς
763 2954 947 3038 φεύγουσιν
970 2951 1080 3038 φόνον
1097 2953 1153 3032 (so.
1170 2952 1277 3037 δίκην)
1292 2952 1358 3016 eut
1373 2955 1467 3015 καθ’

332 3057 404 3144 ὁδῳ
427 3057 638 3143 ἐπιφέρεται.

435 3159 469 3246 i)
494 3163 542 3227 nd
566 3180 638 3226 eum
663 3180 764 3239 usum,
787 3178 850 3242 quo
866 3157 923 3225 tar
937 3162 1171 3242 praepositione
1187 3180 1259 3242 qua
1274 3161 1365 3242 quid
1387 3179 1468 3226 con·

333 3266 484 3331 dicione
517 3265 590 3329 fiat
622 3263 827 3345 significatur,
861 3264 1038 3344 putaverim
1067 3264 1265 3329 referendam
1289 3282 1358 3329 esse
1382 3264 1468 3327 locu·

333 3370 460 3449 tionem,
484 3386 566 3448 quae
590 3365 705 3448 legitur
728 3365 799 3446 109,
822 3389 862 3430 ιιι
886 3363 951 3428 ἐπὶ
973 3366 1028 3452 τῷ
1050 3358 1178 3428 αὑτοῦ
1200 3361 1390 3451 κινδύνῳ,
1410 3385 1468 3431 suo

334 3472 493 3554 periculo.

684 3713 722 3777 b.
765 3713 817 3776 In
845 3712 952 3778 Ath.
984 3712 1124 3777 Portu.

437 3885 479 3949 34
506 3889 580 3950 sunt
613 3884 683 3964 loci,
715 3883 830 3964 quibus
857 3879 914 3944 aar
937 3901 961 3946 e.
986 3883 1060 3948 Dat.
1084 3881 1221 3965 positum
1245 3888 1356 3947 exstat.
1403 3882 1469 3946 Ita·

336 4007 397 4070 que
420 3988 521 4052 multo
549 4006 643 4069 quam
668 3989 700 4052 in
725 3986 865 4052 Politicis
888 3988 1013 4069 saepius
1035 3985 1201 4050 invenitur.

440 4093 467 4167 1)
498 4091 607 4156 Loculi
634 4091 666 4155 oi
694 4108 850 4173 nusquam
878 4095 928 4155 est
953 4092 1142 4169 usurpatum
1165 4089 1205 4153 ad
1228 4086 1468 4168 significandam

333 4213 410 4276 rem,
436 4195 467 4259 in
493 4213 557 4275 qua
579 4194 654 4275 quid
678 4193 815 4275 positum
839 4198 896 4270 est,
920 4195 977 4258 aut
998 4191 1111 4272 looum,
1129 4192 1184 4256 ubi
1207 4192 1283 4272 quid
1306 4195 1367 4257 est.

347 4295 349 4302 '
438 4298 502 4362 Aut
532 4316 607 4363 rem
637 4297 750 4363 alteri
783 4297 1008 4378 appositam,
1036 4302 1091 4360 aut
1114 4295 1236 4360 locum
1258 4295 1470 4377 significat,
