3318 5144
356 379 382 422 11

313 574 436 631 quocum
469 575 573 616 novum
606 557 734 616 libellum
768 574 978 632 compararem,
1013 576 1155 632 unamque
1179 577 1215 618 ex
1237 560 1388 620 amhornm
1410 561 1445 620 li-

311 661 430 722 brorum
464 677 597 720 sermone
630 678 701 734 rem,
736 662 766 720 in
799 680 884 736 quem
918 663 1104 736 inquirerem.
1150 663 1233 735 Quod
1267 681 1353 738 quum
1376 664 1447 722 mihi

312 765 478 838 placuisset,
501 765 610 823 nullum
632 781 704 838 opus
727 765 817 824 adid
839 767 917 839 quod
939 765 1060 838 egebam
1077 766 1174 839 aptius
1188 768 1289 839 putavi
1303 767 1445 827 Politicis.

414 869 448 926 In
480 868 535 928 hoe
571 869 647 927 enim
681 885 770 941 opere
803 868 978 928 Aristoteles
1000 870 1152 929 historiam
1175 888 1241 930 cum
1261 870 1447 944 philosophia

313 978 376 1031 arte
399 972 582 1031 coniunxisse
605 977 635 1031 ot
657 973 840 1031 contexuisse
862 973 978 1032 videtur
990 972 1025 1044 *),
1059 973 1101 1032 ita
1123 980 1156 1032 ut
1177 973 1446 1033 constituendarum

313 1082 343 1135 et
364 1077 555 1149 regendarum
578 1093 675 1135 rernm
697 1075 880 1148 publicarum
902 1076 1083 1150 disciplinam
1105 1077 1240 1150 plurimis
1257 1077 1394 1150 exemplis
1410 1095 1447 1136 ex

314 1196 412 1238 rerum
445 1180 586 1239 memoria
618 1179 719 1253 petitis
751 1177 865 1248 fulserit
898 1185 928 1239 et
954 1178 1178 1253 confirmaverit,
1211 1179 1394 1254 plurimoque
1417 1188 1447 1241 et

313 1282 491 1343 Graecarum
525 1289 554 1342 et
587 1289 753 1342 exterarum
774 1282 925 1342 civitatum
946 1283 1090 1356 instituta,
1123 1285 1211 1357 leges,
1244 1302 1292 1344 res
1314 1285 1446 1358 publicas

313 1386 511 1459 descripserit.
557 1385 620 1456 Quo
647 1386 725 1445 haud
747 1386 808 1444 scio
831 1403 868 1445 an
890 1383 999 1446 lectum
1022 1387 1069 1459 sit,
1093 1392 1125 1446 nt
1147 1387 1177 1444 in
1199 1387 1254 1448 hoc
1278 1405 1367 1462 opere
1389 1390 1445 1448 duo

313 1490 469 1550 coniuncta
501 1490 653 1549 videantur
685 1488 827 1548 sermonis
853 1506 969 1562 genere,
1004 1491 1127 1549 alterum
1156 1491 1394 1565 philosophorum
1417 1498 1446 1550 et

313 1594 465 1652 doctorum
488 1593 647 1667 proprium,
683 1593 760 1666 quod
793 1592 823 1649 in
852 1592 984 1652 omnibus
1006 1592 1174 1654 Aristotelis
1207 1594 1344 1668 operibns
1366 1596 1445 1655 inve·

289 1697 384 1769 nies,
408 1698 531 1756 alterum
553 1696 767 1768 historicorum,
802 1697 840 1754 ed
862 1712 1043 1756 communem
1066 1697 1181 1757 dicendi
1209 1699 1447 1759 consuetudinem

313 1801 403 1874 magis
426 1795 686 1860 accommodatum.
715 1800 818 1873 Itaque
840 1799 965 1860 Politice
987 1801 1017 1859 id
1039 1816 1113 1874 opus
1136 1800 1345 1863 Aristotelenm
1367 1802 1447 1862 vide·

312 1905 422 1965 bantur
451 1920 522 1976 esse,
558 1903 635 1976 quod
657 1903 724 1961 nori
747 1903 877 1975 opusculi
901 1908 978 1962 esset
1000 1904 1175 1962 simillimum
1197 1904 1446 1977 aptissimumque,

314 2024 437 2082 quocum
459 2007 495 2065 de
517 2005 737 2065 Atheniensium
758 2005 865 2066 Politia
887 2005 1001 2066 lihellus
1025 2013 1256 2080 compararetur.

415 2112 476 2171 lem
509 2127 578 2170 vero
614 2128 700 2184 quum
734 2116 815 2169 certa
838 2110 935 2184 alique
956 2127 1004 2170 res
1027 2112 1064 2170 ed
1086 2112 1271 2171 tractandum
1295 2116 1372 2170 esset
1394 2112 1447 2170 eli-

313 2217 415 2289 genda,
439 2216 476 2275 ad
497 2215 728 2288 praepositiones
751 2214 876 2272 animum
899 2215 1020 2273 ettendi.
1054 2214 1186 2288 Namque
1209 2215 1239 2272 in
1260 2215 1304 2273 his
1327 2214 1447 2274 vocibus

312 2320 436 2392 utendis,
461 2318 596 2392 quoniam
618 2318 727 2377 multae
750 2322 816 2376 sunt
837 2334 931 2391 neque
951 2318 1040 2377 certis
1064 2316 1281 2390 significationis
1304 2317 1447 2377 discrimi-

313 2423 398 2482 nibus
422 2439 520 2480 omnes
542 2421 619 2479 inter
641 2437 672 2480 se
695 2421 879 2493 distinemur,
897 2427 1016 2480 ueteres
1039 2421 1180 2480 minorem
1203 2421 1379 2493 diligentiam
1395 2419 1446 2478 ed·

313 2526 441 2585 hibnisse
474 2525 616 2597 videntur,
650 2524 692 2582 ita
724 2529 757 2582 ut
789 2524 819 2581 in
848 2541 947 2584 earnm
969 2541 1023 2582 usn
1045 2523 1153 2606 aliquid
1176 2524 1352 2596 singulorum
1375 2523 1446 2582 scri-

313 2636 428 2704 ptorum
451 2628 600 2702 proprium
624 2627 708 2687 facile
731 2644 875 2701 apparere
898 2627 1010 2686 credes.
1039 2627 1136 2701 Atque
1159 2627 1188 2684 in
1210 2627 1283 2686 heec
1306 2626 1448 2686 vocabule

314 2739 346 2792 ut
368 2732 553 2807 inquirerem,
588 2748 623 2791 ea
656 2747 771 2805 quoque
803 2748 836 2790 re
866 2731 1007 2790 adductus
1031 2748 1103 2804 sum,
1138 2732 1215 2804 quod
1237 2732 1272 2790 de
1296 2747 1396 2790 eorum
1418 2731 1448 2790 in

315 2837 446 2898 omnibus
470 2835 586 2908 scriptis
609 2834 806 2894 Aristotelicis
829 2852 882 2893 usu
905 2840 973 2894 ente
988 2852 1033 2894 me
1049 2835 1186 2895 disseruit
1201 2833 1311 2896 Rndolf
1326 2834 1449 2895 Eueken

315 2940 475 2999 -libello
509 2955 594 3012 quem
627 2937 792 3011 inscripsit:
827 2937 926 2996 Ueber
948 2938 1005 2996 den
1027 2937 1286 3013 Sprechgebranch
1309 2939 1359 2998 des
1381 2939 1448 2996 Ari-

313 3045 444 3105 stoteles.
473 3040 719 3113 Beobechtungen
741 3039 832 3099 ueber
847 3039 893 3098 die
908 3039 1151 3112 Praepositionen
1166 3042 1275 3115 (Berlin
1293 3038 1385 3114 1868)
1397 3075 1447 3114 -,

314 3149 356 3208 ite
378 3154 485 3218 tamen,
512 3151 623 3204 utnon
646 3143 752 3216 omnia,
777 3159 850 3217 quee
873 3143 910 3201 ed
932 3158 993 3201 rem
1016 3144 1191 3216 pertineant,
1214 3161 1448 3218 praeoccupave-

314 3252 362 3311 rit.
406 3250 435 3308 Is
469 3248 544 3307 enim
567 3264 617 3306 eos
638 3245 796 3320 praecipue
818 3263 886 3304 usus
909 3245 1057 3318 tractavit,
1091 3246 1141 3320 qni
1162 3245 1329 3305 Aristotelis
1352 3250 1449 3304 essent

314 3353 435 3429 proprii,
459 3350 598 3426 neglectis
620 3350 666 3423 iis,
688 3349 737 3423 qui
759 3341 912 3408 Aristoteli
935 3365 1001 3407 cum
1023 3354 1187 3408 ceterorum
1204 3348 1380 3420 scriptorum
1395 3365 1448 3405 usu

315 3462 413 3517 essent
435 3471 602 3516 communes
626 3459 661 3525 (v.
686 3454 747 3512 eius
768 3450 883 3527 praet),
912 3468 964 3526 eqo
987 3468 1087 3512 omues
1109 3450 1357 3525 praepositionum
1380 3467 1448 3509 usus

314 3565 494 3620 tractaturus
518 3575 605 3617 erem.
635 3556 691 3616 Sed
714 3572 800 3629 quum
823 3572 859 3613 ex
881 3554 1066 3613 Aristoteleis
1089 3553 1226 3628 operibns
1248 3553 1373 3613 Politice
1388 3554 1449 3612 sole

314 3665 344 3723 in
367 3663 566 3737 quaestionem
588 3677 747 3732 vocassem,
782 3659 811 3716 in
834 3658 1029 3732 comparando
1061 3663 1158 3716 entem
1187 3656 1254 3716 novi
1275 3654 1366 3716 libelli
1387 3673 1448 3715 ser-

314 3783 399 3826 mone
422 3783 488 3826 cnm
510 3764 689 3824 Aristoteleo
713 3762 854 3822 sermonis
876 3778 983 3834 genere
1005 3767 1105 3821 cetere
1127 3776 1241 3834 quoque
1257 3775 1347 3832 opere
1363 3776 1450 3834 saepe

314 3869 498 3944 respicienda
520 3886 584 3928 esse
606 3868 813 3940 intellegerem,
847 3881 905 3925 non
928 3864 1106 3938 dubitabam,
1131 3865 1200 3938 quin
1222 3862 1351 3923 futurum
1374 3872 1451 3924 esset

315 3981 348 4033 ut
368 3972 511 4034 Euckenii
534 3971 742 4032 dissertatione
757 3984 869 4056 'magno
893 3985 981 4042 opere
1004 3967 1166 4028 adiuvarer.

419 4210 447 4279 *l
467 4209 509 4264 cfr
527 4205 679 4264 Susemihl:
696 4203 867 4260 Aristoteles·
892 4202 996 4259 Politik
1019 4202 1125 4260 (triech.
1150 4219 1175 4259 u.
1195 4204 1323 4274 Dentsch,
1341 4202 1450 4260 hlinleit.

316 4315 343 4368 p.
360 4303 377 4353 8
395 4313 435 4365 sq.
