3318 5144
382 400 421 469 18

337 600 402 683 (45,
427 626 438 664 1
462 605 494 663 et
515 601 566 681 67,
590 600 631 680 νε)
666 601 715 664 vel
738 592 757 681 ἡ
780 596 900 680 βουλή
924 590 943 680 ἦ
967 594 1005 671 ἐξ
1037 593 1185 681 ’Λρείου
1209 588 1337 677 πάγου
1360 596 1403 673 (4,
1427 591 1466 673 ro)

337 709 370 769 et
391 704 423 768 io
446 704 508 768 his:
531 706 583 784 34,
605 726 649 768 εις
678 699 887 767 ἐπεισκαλεῖν
920 735 961 746 -
988 698 1030 774 ὃν
1053 697 1097 763 ἂν
1120 696 1217 783 ἐθέλη
1240 700 1292 761 τῶ
1300 718 1320 760 ν
1342 694 1380 762 ἐκ
1401 698 1469 779 τῆς

336 802 459 890 αύτῆς
481 802 650 889 ἡλικίας
682 807 733 885 29,
756 830 784 870 r:
814 799 847 867 oi
867 799 934 888 πρό
958 801 1085 868 τούτου
1108 800 1235 875 πάντες
1256 800 1294 876 ἐξ
1316 794 1469 862 ἱππέων

336 947 376 956 -
399 903 516 992 vinam
538 912 588 986 37,
613 932 642 974 a:
665 917 749 983 τοῖς
770 906 807 973 ἐκ
829 909 908 970 τῶν
930 903 1072 970 ὅπλων.

439 1011 606 1078 Genitivi
628 1014 800 1095 partitivi
824 1014 858 1078 vi
881 1016 918 1076 et
940 1010 1226 1094 significatione
1255 1007 1289 1073 ἐκ
1311 1027 1336 1073 c.
1362 1006 1468 1072 Genit.

336 1116 518 1198 adiungitur
553 1116 731 1181 nominibus
765 1116 982 1181 numeralibus
1011 1115 1041 1194 8,
1065 1138 1094 1179 ιε
1129 1109 1254 1195 βουλήν
1283 1110 1314 1174 ‹i'
1336 1109 1469 1191 ἐποίησε

336 1222 580 1303 τετρακοσίους,
603 1214 745 1280 ἑκατὸν
779 1215 816 1292 ἐξ
846 1213 1010 1301 ἑκάστης
1039 1215 1179 1302 φυλῆς,·
1212 1217 1263 1291 23,
1286 1238 1331 1280 rr:
1360 1212 1469 1295 ἐποίη-

336 1338 394 1384 σεν
416 1318 613 1401 ἐπωνύμους
646 1319 785 1386 ἐκτῶν
817 1310 1077 1405 προιιριθίντων
1098 1317 1222 1383 ἑκατὸν
1244 1316 1470 1402 ἀρχηγετῶν

334 1422 403 1502 οὓς
424 1420 584 1487 α’νεϊλεν
607 1417 627 1507 ἡ
650 1425 786 1486 Πυθία
809 1421 915 1500 δίκας
948 1425 999 1504 35,
1023 1443 1064 1489 m:
1094 1420 1266 1505 βουλεύειν
1289 1457 1329 1467 -
1352 1436 1470 1503 τετρα-

334 1522 890 1611 κοσίους--τετταρύιιοντα
912 1525 951 1602 ἐξ
971 1522 1135 1610 ἑκάστης
1158 1524 1297 1612 φυλῆς,
1321 1522 1358 1589 ἐκ
1379 1542 1470 1606 προ-

333 1634 495 1714 κρίτων,·
528 1631 720 1713 superlativo
751 1633 899 1698 adieetivi
922 1631 1022 1713 gradu
1044 1632 1096 1711 29,
1119 1654 1149 1696 a:
1183 1627 1340 1714 πρῶτος
1372 1620 1470 1710 ἦρξεν

333 1730 372 1806 ἐξ
405 1728 541 1798 αὐτῶν
565 1731 802 1818 Μνησιθείδης,
837 1752 973 1816 quocum
1000 1732 1046 1798 cir
1069 1733 1120 1812 36,
1143 1755 1188 1798 aa:
1223 1726 1322 1817 η’ρξεν
1345 1728 1383 1804 ἐξ
1406 1725 1471 1790 αύ-

333 1838 412 1898 τῶν
434 1835 684 1922 Μνησίλοχος
706 1833 859 1920 δίμηνον.

436 1942 471 2023 5)
494 1941 650 2024 Exempla
665 1938 698 2005 ἐκ
713 1941 957 2023 praepositionis
972 1957 1051 2004 cum
1075 1933 1470 2006 verbis'nancisoendi

333 2050 398 2108 aut
419 2032 659 2126 adipiscendi
683 2045 869 2109 coniunctae
891 2044 923 2108 in
947 2043 1022 2107 Ath.
1045 2041 1139 2108 Polit.
1163 2042 1366 2123 reperiuntur
1388 2039 1467 2102 haec

334 2148 384 2221 70,
402 2168 429 2210 a:
454 2143 607 2230 δραχμὴν
629 2143 691 2228 τῆς
713 2139 834 2228 ἡμέρας
849 2143 940 2210 -ἐιι
963 2142 1092 2228 Δήλου
1115 2141 1471 2232 <λαμβάνουσι>;

332 2249 383 2328 37,
398 2271 424 2314 1:
436 2247 541 2311 πλείω
555 2246 644 2313 -tx
659 2253 728 2332 τῆς
744 2245 916 2328 Εύβοίας
931 2242 1167 2330 -ἐτύγχανον
1182 2243 1471 2332 ιύφελούμενοις

333 2352 382 2432 16,
406 2373 449 2416 aa:
484 2355 520 2414 τί
543 2347 840 2438 [περι]γίγνεται
864 2349 901 2416 ἐκ
923 2354 1177 2435 τοῦχωρίου,
1212 2352 1258 2417 cir
1290 2353 1342 2432 25,
1366 2373 1394 2415 a:
1431 2385 1469 2396 —-

332 2455 404 2534 7,ι;
428 2452 463 2528 ὃς
485 2451 529 2514 ἂν
552 2452 590 2519 ἐκ
612 2456 680 2536 τῆς
703 2453 852 2528 οἰκείας
872 2457 967 2538 ποιῇ
990 2452 1199 2518 πεντακόσια
1214 2455 1338 2537 μίτρα;
1362 2453 1413 2534 67,
1426 2475 1470 2518 aa:

331 2554 374 2620 το“
399 2552 435 2618 δὲ
457 2554 596 2620 ἔλαιον
616 2554 653 2621 ἐκ
676 2561 746 2620 τοῦ
771 2554 974 2640 κλήματος
998 2594 1036 2606 -
1060 2592 1101 2601 -
1125 2555 1197 2622 ἐστί
1219 2560 1259 2641 τῇ
1283 2554 1390 2619 πόλει.

436 2659 470 2740 6)
494 2660 623 2724 Nullum
647 2681 687 2726 ex
710 2661 784 2727 Ath.
808 2661 902 2727 Polit.
925 2681 1093 2745 possumus
1116 2661 1259 2745 proferre
1281 2662 1395 2740 locum,
1415 2660 1471 2724 ubi

330 2781 401 2843 quo
435 2783 480 2827 ax
513 2764 678 2829 materia
704 2764 793 2846 quid
820 2764 962 2832 iactum
985 2767 1035 2832 sit
1058 2764 1091 2831 ἐκ
1113 2766 1329 2848 propositione
1352 2763 1471 2846 signifi·

332 2869 431 2931 cetur.

434 2967 466 3051 7)
490 2968 555 3032 Νεο
577 2988 652 3034 voro
675 2972 812 3053 quibus
846 2989 888 3035 ex
921 2973 1096 3053 partibus
1126 2971 1216 3053 quid
1240 2974 1390 3036 constet
1411 2971 1471 3034 vei

329 3073 580 3153 compositum
604 3075 669 3152 sit,
692 3070 725 3138 ἐκ
747 3075 981 3156 praepositione
1004 3075 1036 3140 in
1060 3075 1134 3140 Ath.
1157 3074 1249 3140 Polit.
1273 3075 1471 3156 exprimitur.

435 3175 466 3254 8)
491 3175 544 3239 De
567 3193 606 3240 re
629 3181 746 3256 autem,
780 3196 823 3242 ax
846 3197 918 3259 qua
940 3178 1029 3259 quid
1053 3179 1240 3259 sequitur,
1275 3179 1414 3255 evenit,
1438 3173 1471 3240 ἐκ

329 3295 357 3341 c.
382 3275 489 3342 Gemit.
512 3280 648 3359 positum
682 3281 858 3361 putaverim
886 3281 938 3360 29,
962 3303 1005 3345 re:
1038 3278 1257 3367 προύτρεψεν
1279 3275 1344 3363 τήν
1365 3276 1471 3342 πόλιν

328 3375 385 3446 ,ἐπί
409 3375 474 3463 τήν
497 3378 661 3464 ναυτικὴν
683 3377 845 3462 δύναμιν,
872 3380 910 3457 ἐξ
931 3376 973 3466 ἧς
996 3385 1137 3466 συνέβη
1163 3419 1197 3429 -
1223 3378 1303 3456 τούς
1324 3377 1472 3454 πολλούς

331 3477 474 3546 ἅπασαν
496 3483 560 3567 την
582 3482 761 3549 πολιτείαν
798 3523 837 3530 -
871 3481 965 3565 ἄγειν
987 3487 1032 3560 εἰς
1055 3482 1182 3558 αύτούς
1190 3509 1200 3562 ‚·
1222 3486 1273 3566 38,
1297 3510 1326 3550 s:
1349 3479 1472 3569 η’τύχη-

329 3602 395 3649 σαν
418 3586 483 3670 τήν
505 3584 541 3652 ἐν
555 3584 663 3669 Ἀιγὸς
685 3597 853 3670 ποταμοῖς
875 3593 1082 3670 ναυμαχίαν,
1099 3587 1138 3664 ἐξ
1159 3582 1199 3672 ἧς
1222 3590 1412 3673 συνέβη-
1433 3628 1468 3634 -

330 3688 539 3775 Λύσανδρον
561 3696 775 3775 καταστῆσαι
798 3691 879 3768 τούς
901 3691 1087 3777 τριάκοντα
1112 3728 1150 3738 -
1176 3729 1226 3759 -.
1263 3728 1300 3740 -
1325 3693 1385 3757 Ηίο
1407 3691 1472 3756 for·

329 3796 415 3859 tasse
438 3794 631 3877 subiungere
654 3796 728 3861 iicet
749 3797 853 3866 locum
876 3798 928 3875 51,
946 3819 989 3861 ιιι
1013 3798 1084 3859 τῶν
1106 3793 1144 3870 ἐξ
1163 3791 1317 3880 'Apatna
1340 3792 1470 3876 πάγου

328 3892 562 3979 φευγόντων
590 3900 646 3958 καί
675 3899 746 3962 τῶν
780 3895 832 3985 [ἐξ
854 3895 1031 3986 ἐφε]των,
1066 3899 1119 3964 ubi
1155 3893 1291 3982 φεύγειν
1323 3895 1357 3960 ἔκ
1378 3918 1472 3971 τινος

331 4000 416 4065 idem
450 4000 555 4066 valere
579 4001 706 4067 videtur
728 4006 825 4085 atque
850 3999 1078 4086 properarint
1102 4018 1205 4076 τινος,
1241 4003 1325 4083 iique
1348 4002 1471 4066 intelle·

326 4103 422 4185 gandi
444 4108 527 4184 sunt,
551 4106 605 4185 qui
628 4125 648 4170 a
670 4112 804 4172 senatu
829 4107 1052 4188 Areopagitioo
1075 4109 1108 4170 et
1130 4107 1174 4171 ab
1199 4105 1347 4187 ophetis
1369 4106 1402 4170 in
1418 4125 1471 4170 en·

331 4205 436 4270 silium
460 4213 552 4272 erant
574 4209 677 4274 eiecti.

429 4308 462 4389 9)
487 4309 565 4386 Quo
588 4329 705 4377 cansa
727 4316 937 4377 commotus
960 4313 1030 4393 quis
1053 4312 1149 4377 faeiat
1171 4311 1301 4392 aliquid,
1323 4307 1357 4375 ἐκ
1379 4329 1472 4391 prae·
