3284 5142
389 386 431 451 64

451 583 478 656 1)
502 582 640 659 Quorum
665 583 727 647 duo
750 589 834 661 sunt,
857 585 972 665 quibus
995 584 1087 650 ioeaii
1108 607 1203 649 sensu
1221 589 1325 668 posita
1342 592 1400 668 est,
1415 606 1475 653 unu

346 688 382 748 ut
403 683 524 750 locum
548 685 712 766 significet,
726 704 841 767 supra
863 705 969 767 quern
993 689 1070 768 quid
1093 693 1151 768 est,
1168 695 1283 765 manet,
1300 693 1397 755 situm
1413 695 1475 755 est:

345 789 397 862 20,
421 810 463 852 rr:
487 784 703 872 Λειψύδριον
725 790 765 851 τδ
789 781 886 872 δαὲρ
910 787 1138 874 Πάρνηθος,
1165 793 1277 873 altero,
1302 799 1339 859 ut
1362 793 1477 875 signifi·

345 897 435 956 cetur
457 892 578 972 locus,
602 910 716 972 supra
739 911 847 974 quern
875 893 951 973 quid
974 895 1146 976 porrigitur
1169 900 1225 960 aut
1248 898 1402 978 pertinet:
1425 899 1475 976 55,

346 1016 386 1058 15:
418 988 586 1054 κωλύουσι
617 1032 655 1040 -
679 1029 720 1039 -
744 991 959 1078 δρυφάκτους
993 991 1091 1078 ὑπὲρ
1125 996 1208 1060 τῶν
1242 991 1346 1061 ὁδῶν
1379 995 1477 1085 διιερ-

345 1099 479 1159 τείνειν.

447 1201 481 1281 2)
503 1201 556 1265 Ι)ο
590 1201 817 1280 horninibus,
851 1219 917 1283 pro
952 1203 1091 1283 quibus
1125 1204 1270 1269 iuvandis
1292 1209 1348 1270 eut
1371 1205 1477 1270 deien-

346 1303 455 1368 dendis
478 1303 554 1385 quid
577 1303 623 1384 fit,
647 1296 731 1387 δτέρ
756 1323 781 1368 e.
805 1302 909 1369 Genit.
933 1312 1119 1386 usurpatum
1143 1307 1273 1388 legitur:
1296 1309 1327 1385 4,
1351 1331 1393 1373 er:
1417 1328 1478 1370 σο-

344 1401 579 1493 tumuerim]
609 1443 643 1453 -
667 1444 709 1452 --
731 1400 829 1490 ὑπὲρ
853 1403 1048 1490 ἑκατέρων
1068 1405 1234 1489 μοὶχεται,Ι
1257 1411 1287 1491 8,
1310 1433 1352 1476 nr:
1376 1428 1477 1492 τιμω-

345 1518 416 1592 ρεῖν
438 1503 535 1594 ὑπὲρ
559 1508 639 1572 τοῖν
662 1503 949 1589 ἀδικουμένων.

448 1616 481 1694 3)
505 1614 638 1680 Duobus
672 1615 807 1697 denique
830 1616 906 1680 loris
940 1615 1162 1699 eodemque
1192 1619 1284 1700 αερί
1306 1636 1330 1681 c.
1356 1617 1477 1684 Genii.

345 1736 456 1783 sensu
479 1718 583 1782 verbis
607 1736 688 1798 quae
711 1718 836 1782 dicendi
858 1717 1119 1800 significationem
1144 1720 1263 1785 habent
1292 1721 1477 1786 adiunctum

344 1826 407 1886 est:
429 1821 482 1900 49,
506 1844 546 1884 rr:
576 1813 673 1904 ὑπὲρ
697 1811 752 1883 οἷν
773 1818 989 1903 χρηματίζειν
1012 1817 1064 1881 δεῖ
1084 1823 1323 1906 προτιθέασιν,
1347 1823 1386 1890 de
1409 1826 1478 1906 qui·

344 1924 402 1989 bus
436 1925 594 2004 agendum
628 1929 686 2003 est,
721 1928 902 2006 proponunt
937 1922 995 2004 (cir
1026 1923 1080 1999 48,
1114 1947 1144 1989 r:
1179 1928 1256 2009 περί
1290 1929 1388 1988 σίτου
1422 1929 1477 1988 καί

343 2028 432 2106 περὶ
457 2023 633 2110 φυλακῆς
657 2063 695 2072 -
720 2023 1012 2110 χρηματίζειν),
1037 2026 1088 2108 64,
1112 2050 1154 2092 24:
1179 2024 1420 2102 διαδικάζει-
1439 2068 1474 2076 -

344 2129 405 2204 τοὶς
426 2126 694 2215 ἀμφισβητήσεις
723 2127 793 2203 τοὶς
815 2122 914 2212 δαδρ
937 2127 1017 2190 τιδν
1039 2127 1174 2213 γεριιῗν,
1210 2131 1329 2197 dirimit
1351 2140 1478 2198 contro·

343 2235 473 2314 versias
497 2253 578 2315 quae
602 2238 676 2298 sunt
699 2234 738 2298 de
760 2234 932 2315 privilegiis
956 2231 1017 2312 (cir
1039 2237 1090 2316 31,
1106 2255 1150 2298 εις
1174 2237 1264 2316 περί
1288 2231 1328 2295 δὲ
1354 2235 1478 2320 Θηρα-

342 2337 485 2415 μένους
508 2372 549 2382 -
576 2370 610 2380 -
636 2331 936 2419 ἀμφισβήτησις
961 2369 998 2380 -
1022 2332 1135 2418 ἐστι).

599 2572 604 2580 ’
698 2591 740 2658 Β.
785 2589 870 2659 (ium
893 2590 1120 2660 Aeuusetirn.

712 2798 747 2848 a.
790 2784 843 2847 In
862 2782 1105 2848 Politiois.

446 2930 531 3022 διιέρ
566 2957 592 3002 c.
617 2936 689 3002 Ace.
724 2957 785 3002 non
820 2938 935 3018 legitur
961 2938 1022 3002 nisi
1044 2938 1103 3001 hnc
1127 2957 1189 3003 uno
1213 2939 1298 3003 loco:
1334 2940 1407 3021 204,
1431 2961 1476 3005 οτι

343 3037 467 3126 ἀρετὴν
507 3077 538 3085 -
581 3075 617 3084 -
650 3038 715 3122 τήν
748 3033 832 3119 ὑπὲρ
862 3034 943 3113 τούς
965 3036 1112 3114 ἰδιώτας,
1147 3040 1200 3104 ubi
1224 3041 1358 3124 figurato
1382 3061 1477 3108 sensu

343 3149 516 3226 usurpatur
538 3145 578 3208 ad
599 3143 839 3224 significandum
875 3145 1087 3225 terminum,
1122 3163 1228 3224 quern
1259 3146 1348 3226 quid
1371 3166 1477 3229 supe·

343 3254 415 3328 rat,
439 3249 593 3326 transit,
617 3247 718 3311 ultre
740 3266 846 3328 quem
871 3245 1008 3327 prodit.

701 3437 737 3501 b.
776 3438 826 3501 In
848 3435 1116 3502 Ath.1³ont.

446 3591 603 3658 Undecinr
631 3597 706 3656 sunt
729 3591 800 3672 loci,
823 3590 938 3671 quibus
963 3585 1046 3673 διιέρ
1072 3606 1096 3652 ο.
1121 3590 1194 3655 Αοσ.
1219 3598 1407 3672 usurpatum
1431 3594 1477 3657 in·

342 3697 495 3762 venimus.
540 3695 646 3776 Atque
670 3693 815 3758 omuibus
839 3694 886 3758 his
909 3694 1001 3773 locis,
1024 3712 1087 3758 uno
1111 3697 1253 3774 excepto,
1276 3686 1361 3776 ὑπέρ
1377 3697 1477 3760 norni-

342 3798 434 3864 nibus
458 3797 672 3863 numeralibus
695 3797 909 3878 praepositum
945 3796 1101 3878 significat
1134 3814 1299 3861 numerum
1322 3797 1372 3863 his
1394 3798 1476 3863 iudi·

342 3907 446 3966 catum
481 3901 588 3981 aliquo
612 3898 707 3964 modo
731 3900 885 3980 superari.
931 3899 982 3963 Sic
1005 3901 1035 3963 in
1060 3899 1223 3964 hominum
1246 3897 1405 3966 aetatibus
1428 3902 1474 3964 in·

343 4005 485 4070 dicendis
521 4005 660 4087 positum
696 4007 744 4068 est
777 4003 806 4080 3,
829 4023 872 4066 σοι
902 3999 1028 4075 παῖδας
1050 4037 1091 4046 -
1113 4037 1155 4046 -
1178 3994 1274 4086 δκὲρ
1299 3999 1395 4063 δέκα
1418 3999 1476 4085 ἔτι]

342 4105 518 4190 γεγονότας
540 4113 573 4173 et
595 4107 741 4174 similiter
766 4105 785 4169 8
809 4107 901 4185 lucis;
927 4142 963 4152 —
988 4106 1033 4170 sic
1056 4105 1107 4184 58,
1130 4126 1158 4168 e:
1181 4103 1225 4166 τδ
1250 4102 1280 4166 δ’
1303 4099 1401 4189 ὑπὲρ
1423 4128 1476 4186 χι-

342 4207 429 4286 λίας
451 4215 506 4293 (sc.
530 4204 725 4295 δραχμάς)
749 4209 795 4281 εἰς
818 4209 877 4271 ἕνα
900 4211 956 4269 καί
979 4210 1216 4292 τετρακοσίους
1240 4207 1295 4291 (sc.
1313 4205 1476 4281 δικαστὰς

341 4309 562 4396 εἰσάγουσιν).
