3284 5142
1214 401 1273 464 125

185 600 311 680 scripsit
343 600 402 664 hac
434 615 560 680 quoque
594 598 624 663 in
659 617 692 662 re
723 616 918 664 communem
954 598 1078 664 dicendi
1112 615 1202 662 usum
1228 616 1317 662 secu·

185 709 356 771 temesae.

294 803 488 886 Temperans
509 825 599 884 usus,
633 805 723 870 cuius
759 806 790 870 in
824 805 861 868 Α.
885 803 1062 868 Paullum
1086 809 1318 869 exstatcxem·

185 910 284 991 plum,
307 910 390 991 apud
414 909 537 974 Atticos
560 926 623 973 non
647 909 692 972 ita
714 908 863 989 frequens
886 911 944 974 est.

294 1009 594 1090 Transumenum,
617 1010 720 1091 quafis
742 1013 775 1076 in
798 1011 832 1074 Ρ.
857 1015 916 1092 est,
939 1011 1017 1076 nihil
1040 1009 1182 1092 praebet,
1198 1009 1319 1091 quoda

186 1117 342 1180 communi
375 1134 435 1180 usu
468 1116 510 1179 sit
543 1115 692 1194 alienum,
726 1114 972 1193 aristotelisque
1006 1131 1081 1193 prae
1108 1113 1223 1177 Atticis
1245 1131 1319 1193 pro·

186 1219 298 1300 prium.
344 1218 446 1295 Quum
481 1221 587 1282 antem
611 1218 642 1281 in
665 1217 699 1281 P.
723 1215 872 1298 frequens
894 1217 936 1280 sit
969 1215 1138 1298 multisque
1160 1214 1318 1295 siguifica-

185 1321 281 1386 tionis
314 1321 522 1386 varietatibus
555 1321 694 1401 insignis,
730 1321 761 1384 in
788 1321 823 1384 Α.
847 1318 882 1381 Ρ.
905 1325 970 1384 mm
994 1318 1085 1384 exilis
1108 1323 1167 1398 est,
1190 1323 1226 1381 ut
1247 1335 1317 1381 cum

187 1423 393 1488 Politicorum
417 1441 475 1487 usu
498 1423 549 1486 via
571 1424 672 1503 pessit
694 1424 882 1504 comparari.

713 1757 777 1822 fni.

292 1939 377 2003 ffaec
403 1937 607 2018 praepositio,
630 1939 657 2002 si
680 1956 756 2003 usus
779 1935 990 2019 frequentiam
1015 1943 1148 2018 spectas,
1172 1942 1317 2000 octavum

188 2044 217 2106 iir
242 2042 276 2104 Ρ.
300 2042 372 2121 (141
399 2041 484 2121 axx.)
507 2043 637 2106 tertium
660 2043 690 2105 in
715 2040 752 2103 Α.
776 2040 809 2103 Ρ.
834 2045 910 2120 (114
932 2043 1016 2118 cxx.)
1040 2046 1129 2106 tenet
1150 2040 1268 2105 locurn.

289 2145 385 2211 Cum
403 2145 583 2212 Genftfvo
607 2147 648 2222 (v.
665 2163 716 2226 pp.
739 2145 887 2220 83-87).
911 2144 1037 2210 Locofis
1060 2165 1139 2209 osus
1162 2162 1264 2224 neque
1286 2145 1317 2208 iu

187 2248 221 2312 P.
245 2265 346 2328 neque
380 2248 412 2311 in
436 2248 473 2310 A.
497 2246 531 2310 P.
555 2247 726 2327 quidquam
749 2247 883 2328 praebet
904 2247 1063 2327 singulare
1085 2253 1142 2311 aut
1164 2247 1318 2311 Aristote-

186 2351 224 2416 lis
247 2352 419 2431 proprium.
466 2349 504 2413 Id
537 2348 673 2415 fortasse
706 2350 1031 2426 animadvertendum,
1054 2349 1191 2431 figurata
1214 2367 1319 2414 exem·

186 2453 240 2534 pla
261 2453 354 2533 plura
375 2454 407 2517 in
430 2453 465 2515 P.
488 2471 582 2534 quam
614 2455 644 2517 in
669 2455 706 2516 A.
730 2452 763 2515 Ρ.
787 2453 929 2532 reperiri.
975 2451 1039 2517 Nec
1062 2454 1166 2516 minus
1190 2453 1316 2533 dignum

186 2557 495 2634 commemoratione,
530 2556 615 2636 quod
650 2551 706 2614 ἐπὶ
740 2573 766 2616 c.
801 2554 905 2619 Genit
941 2555 973 2618 in
997 2554 1034 2618 Α.
1058 2554 1093 2617 Ρ.
1117 2573 1186 2620 eum
1211 2555 1318 2619 verbis

187 2663 305 2722 motum
328 2658 589 2738 significantibus,
623 2663 658 2722 ut
680 2675 743 2738 quo
766 2658 841 2739 quid
866 2663 1030 2722 moveatur
1052 2657 1216 2738 significet,
1254 2676 1318 2722 non

187 2766 236 2826 cst
258 2763 469 2826 coniunctum.
505 2761 537 2826 Is
560 2762 644 2825 euim
668 2779 743 2825 usus
766 2760 806 2824 ab
829 2761 866 2824 Α.
891 2759 1012 2825 alienus
1034 2779 1103 2826 esse
1127 2760 1251 2824 videtur
1275 2761 1317 2840 (v.

187 2865 316 2930 Eueken
342 2884 370 2946 p.
394 2867 437 2928 50
458 2863 480 2928 f.
503 2864 609 2944 extr).

290 2965 482 3047 Temporolis
516 2988 597 3031 osus
630 2986 693 3032 non
727 2966 833 3032 differt
866 2987 886 3030 a
916 2969 1072 3033 communi
1097 2967 1220 3033 dicendi
1244 2986 1318 3032 con·

186 3071 361 3136 suetudine.

289 3172 449 3238 Prooslofi
481 3193 560 3237 usos
593 3175 773 3247 varietates,
808 3192 887 3256 ques
921 3175 952 3238 in
987 3173 1021 3236 P.
1046 3175 1232 3254 invenimus,
1256 3175 1317 3240 etsi

186 3277 271 3358 apud
305 3275 428 3340 Atticos
462 3292 588 3355 quoque
623 3275 708 3339 haud
731 3277 870 3340 iterare
894 3275 1098 3341 inveniuntur
1121 3282 1162 3354 [v.
1186 3275 1317 3358 Lutzp.

188 3381 245 3444 101
271 3383 361 3457 extr,
387 3379 446 3442 1Οό
468 3378 526 3442 sub
554 3379 619 3456 ll);
644 3377 774 3442 ffuhner
796 3379 815 3456 ξ
837 3377 911 3456 438,
935 3378 949 3441 Ι
976 3379 1034 3443 sub
1051 3381 1083 3454 3)
1104 3379 1162 3461 d)],
1179 3379 1317 3444 colorem

186 3489 293 3546 tamen
316 3481 434 3545 habent
456 3482 610 3545 sermonis
634 3481 729 3558 docti,
753 3487 809 3545 aut
830 3482 897 3545 eius
920 3482 974 3560 qui
998 3481 1102 3546 verbis
1125 3487 1235 3546 utatur
1254 3501 1316 3547 non

185 3584 447 3666 popularissimis.
470 3582 539 3659 Quo
563 3582 648 3648 haud
672 3584 737 3647 scio
760 3603 801 3648 an
825 3581 944 3648 factum
968 3584 1019 3663 sit,
1043 3587 1078 3648 ut
1101 3585 1132 3648 in
1155 3584 1194 3648 A.
1207 3584 1241 3648 P.
1263 3585 1318 3649 ha·

187 3705 256 3752 rum
291 3689 480 3751 varietatum
513 3686 691 3766 exemplum
725 3705 787 3752 nou
811 3689 990 3768 reperiatur
1019 3687 1079 3751 nisi
1101 3705 1208 3762 unum,
1232 3688 1318 3769 apud

187 3791 224 3854 Α.
248 3792 488 3855 usitatissimum
523 3787 583 3870 (cfr
606 3790 736 3854 Eucken
759 3809 789 3871 p.
812 3791 879 3870 50).
924 3790 1081 3872 Quidquid
1106 3791 1189 3856 enim
1212 3791 1317 3856 minus

186 3896 337 3959 usitatum
360 3901 417 3972 est,
442 3894 473 3958 id
497 3893 537 3957 ab
559 3895 595 3958 A.
619 3893 653 3956 Ρ.
677 3893 789 3959 ubttssc
812 3896 938 3976 saepius
962 3895 1024 3958 iarn
1049 3896 1193 3960 vidimus.

289 3998 385 4064 Gum
406 3997 548 4064 Dotfvo
566 4001 606 4074 (v.
622 4016 674 4078 pp.
691 3997 842 4078 87-91).
866 3998 956 4076 Quod
981 3999 1062 4062 idem
1087 4000 1182 4063 etiam
1207 4000 1237 4064 in
1261 3999 1318 4059 ἐπί

187 4121 211 4165 c.
235 4101 307 4165 Dat.
333 4105 417 4164 recte
441 4101 501 4166 dici
525 4101 658 4166 videtur.
703 4103 790 4178 Quae
814 4103 896 4166 errim
920 4101 1157 4183 significationis
1180 4103 1318 4166 veriritas

187 4205 218 4269 in
244 4205 279 4268 Α.
304 4203 339 4268 Ρ.
361 4223 424 4268 non
447 4209 579 4286 apparet
603 4211 640 4282 [v.
663 4205 724 4269 sub
746 4201 805 4289 2)],
840 4224 878 4270 ea
901 4207 931 4270 in
954 4206 1112 4269 communi
1135 4223 1193 4270 usu
1216 4206 1318 4270 minus

188 4311 236 4372 est
259 4307 376 4372 usitata
400 4307 450 4385 [de
473 4305 529 4368 ἐπὶ
557 4333 588 4366 =
618 4305 778 4390 ,ausser“,
805 4308 968 4388 ,praetem
996 4325 1022 4370 v.
1048 4305 1181 4371 Kufrner
1203 4307 1220 4388 ξ
1242 4309 1316 4384 438,
