3318 5144
1232 400 1272 464 37

187 591 371 683 ἄπειρον,
395 629 433 644 -
458 634 509 673 -,
537 597 609 660 τῶν
637 592 674 659 δὲ
700 595 786 682 πρὸς
807 595 847 659 τδ
871 593 966 669 τέλος
988 589 1049 658 eos
1070 596 1125 669 εἰς
1147 590 1318 679 ἄπειρον

187 705 221 766 et
251 700 301 777 19,
325 722 352 767 ις
379 700 435 775 είς
467 695 638 786 ἄπειρον
670 693 734 763 οδν
762 697 885 784 ἐκείνης
911 699 973 783 τῆς
1001 696 1185 780 ἐπιθυμίας
1206 693 1316 782 οὔσης.

188 803 226 868 In
248 803 364 885 quibus
385 807 491 869 utrum
514 821 572 886 pro
595 800 669 866 ἐστι
691 809 724 870 et
745 797 846 886 οὔσης
867 803 1035 886 legendum
1058 804 1099 870 sit
1121 791 1186 864 εἶσι
1202 806 1233 868 et
1250 801 1318 864 ἰοῦ-

188 921 255 990 σης,
291 913 328 972 ut
360 908 513 990 suspicari
545 907 670 974 videtur
700 907 830 973 Euoken
858 907 901 988 (p.
925 908 988 988 32),
1012 925 1123 987 neone,
1147 906 1319 972 diiudicare
1409 979 1412 986 ,

187 1027 250 1076 non
282 1027 421 1092 possum.
465 1010 503 1076 Iu
537 1009 591 1076 illo
625 1015 731 1076 tumen
762 1009 906 1091 exemplo
937 1010 964 1075 'si
987 998 1052 1071 εἶσι
1074 1009 1218 1092 legimus,
1241 1025 1319 1090 qno-

186 1113 281 1180 modo
309 1113 496 1195 explicando
523 1113 566 1178 sit
596 1113 714 1179 locutio
744 1130 807 1178 uon
830 1113 934 1179 video.
980 1112 1043 1178 Sed
1066 1112 1145 1178 hoec
1174 1131 1235 1193 res,
1269 1117 1319 1176 ut·

187 1233 312 1298 cunque
341 1216 505 1297 sehabet,
528 1216 604 1282 nihil
627 1217 668 1282 ad
689 1217 751 1283 vim
773 1221 806 1281 et
827 1215 1090 1299 significationem
1112 1215 1319 1300 praepositio·

188 1319 248 1400 nis,
272 1319 311 1386 de
334 1338 399 1402 qne
420 1321 553 1403 egimus.

289 1420 324 1506 4)
347 1423 433 1489 Raro
462 1423 509 1498 εἰς
537 1423 804 1507 praepositionem
829 1423 994 1504 temporali
1014 1444 1110 1488 εαιειι
1132 1426 1319 1505 usurpatam

186 1526 372 1592 invenimus.
407 1527 471 1596 Eos
493 1533 609 1609 tamen,
633 1546 713 1610 ques
742 1527 840 1593 habet
859 1529 892 1594 in
914 1527 975 1592 hoc
999 1547 1057 1594 osu
1080 1526 1320 1610 significationis

185 1630 370 1711 varietates,
394 1632 539 1714 exempla
562 1636 678 1698 nostre,
694 1630 845 1697 exhibent
860 1632 979 1698 umbus.
1003 1630 1141 1712 Tempus
1164 1631 1247 1695 enim
1270 1627 1320 1694 vel

185 1739 414 1800 momentum
434 1735 591 1817 aliquod
606 1735 788 1816 temporis
804 1734 940 1816 futuri,
956 1734 1042 1817 quod
1057 1739 1106 1800 est
1121 1733 1320 1812 terminus,

183 1837 231 1902 od
253 1855 362 1919 quem
385 1839 474 1920 quid
496 1836 678 1904 diiiertur
699 1843 765 1904 aut
785 1839 977 1918 reiicitur,
1008 1838 1055 1910 εἰς
1076 1856 1104 1903 e.
1127 1837 1202 1902 Aoo.
1224 1837 1321 1916 signi-

188 1941 264 2007 ficat
286 1940 336 2007 his
357 1940 450 2008 loeis.
485 1940 536 2018 78,
559 1961 601 2007 εις
634 1941 690 2014 εἰς
713 1934 836 2004 ἄλλον
858 1938 999 2026 καιρδν
1022 1936 1184 2025 χρήσιμος
1206 1931 1227 2021 ἡ
1252 1938 1321 2002 στί-

188 2051 268 2130 ψιςς
293 2043 364 2125 156,
381 2065 424 2108 ιιι
440 2041 492 2105 δεῖ
506 2039 570 2127 την
586 2040 695 2128 ολρχην
708 2043 768 2125 τῆς
783 2039 961 2118 συζεύξεως
976 2043 1031 2116 είς
1046 2040 1141 2116 τοδς
1154 2038 1323 2125 χρόνους

187 2147 451 2228 καταβαίνειν
472 2145 659 2225 τούτουςς
685 2149 760 2229 247,
783 2169 810 2213 o:
834 2142 1008 2212 οἷδύνατον
1031 2181 1070 2192 -
1096 2181 1133 2194 -
1160 2143 1321 2210 ἀπαντᾶν

188 2250 243 2324 είς
264 2247 309 2313 τδ
332 2247 445 2323 τέλος
466 2249 572 2314 κακόν
593 2268 640 2314 τι.
673 2252 844 2334 Spatium
867 2256 972 2316 autem
995 2249 1192 2332 temporis,
1216 2249 1322 2314 ouius

159 2355 234 2421 ἐδ
268 2353 379 2420 iiuem
413 2355 473 2421 vei
506 2357 721 2435 terminum,
754 2357 775 2422 i.
798 2372 826 2420 e.
859 2371 926 2437 per
948 2353 1048 2435 quod
1070 2352 1162 2435 quid
1184 2369 1323 2434 permu-

188 2477 279 2526 nere
312 2457 466 2538 dieitur,
500 2457 658 2541 significat
690 2460 721 2539 3,
744 2449 832 2540 ιιιὴ
869 2491 905 2504 -
940 2456 996 2529 εἰς
1018 2453 1153 2520 πᾶσαν
1175 2450 1323 2538 ἡμέραν

189 2570 414 2646 συνεστηκυῖα
433 2563 605 2625 κοινωνία.

292 2663 327 2750 5)
350 2664 500 2733 Crebrior
521 2670 570 2732 est
591 2683 678 2747 usuS,
701 2683 765 2747 quo
787 2663 833 2737 εἰς
855 2682 881 2728 o.
905 2662 979 2728 Ace.
1003 2664 1041 2728 in
1063 2661 1323 2746 significando

189 2787 229 2834 re
261 2773 326 2835 eut
358 2770 507 2835 homino
540 2771 710 2851 ponitur,
744 2767 790 2834 ed
818 2786 925 2850 quem
948 2766 1038 2848 quid
1059 2769 1237 2848 spectare
1258 2767 1323 2831 out

189 2872 384 2954 pertinere
417 2872 572 2952 dicitur,
606 2872 661 2952 ito,
696 2875 732 2936 ut
754 2871 838 2936 idom
861 2870 967 2937 valeat
989 2875 1085 2951 atque
1108 2870 1322 2952 germanicum

192 2977 243 3056 „in
258 2974 406 3042 Hinsicht
420 2974 507 3054 auf“,
525 2963 658 3054 „wos-¹
674 2972 833 3040 betrifft“:'
849 2974 902 3054 47,
915 2993 958 3038 ιιι
982 2969 1050 3052 ἔχει
1070 2970 1153 3036 τινολ
1175 2969 1323 3052 δύναμιν
1426 2962 1433 2976 ’

190 3078 243 3152 είς
263 3075 338 3161 την
358 3073 540 3159 πολιτικήν
561 3079 792 3156 κοινωνίαν;
824 3077 897 3156 139,
919 3098 962 3142 m:
985 3074 1036 3139 τοὶ
1059 3071 1095 3138 δὲ
1117 3076 1171 3150 εἰς
1192 3069 1324 3158 εδσχη-

187 3178 367 3265 μοσδνην
386 3182 442 3242 καὶ
464 3183 666 3265 περιουσίαν
689 3215 727 3228 -
745 3217 785 3226 -
808 3176 949 3262 εὔλογον
970 3174 1157 3261 λαμβάνειν
1178 3173 1243 3262 την
1264 3171 1325 3240 αὕ-

189 3283 285 3369 ξησιν
292 3307 303 3362 ς
337 3284 409 3364 182,
432 3304 478 3350 κεῖ
511 3281 695 3364 ἐπιτιμῶσι
735 3319 768 3330 -
793 3319 836 3330 -
858 3277 915 3346 ὅτι
938 3282 999 3356 τᾶς
1021 3280 1201 3364 ἀνειμένας
1223 3275 1325 3368 ἁρμο-

189 3390 263 3463 νίας
285 3384 568 3468 ἀποδοκιμάσειεν
589 3388 644 3463 εἰς
676 3381 750 3471 την
772 3382 982 3464 παιδείους
1017 3386 1090 3467 183,
1112 3408 1157 3452 ss:
1179 3383 1325 3458 τούτους

189 3486 287 3575 δροος
318 3491 481 3574 ποιητέον
513 3493 568 3567 εἰς
587 3489 663 3576 τήν
684 3490 894 3566 παιδείους
923 3493 996 3573 223,
1018 3514 1062 3557 so:
1085 3485 1151 3555 ὅσα
1173 3491 1228 3563 εἰς
1250 3487 1326 3572 την

189 3593 404 3660 πολιτείαν
427 3596 541 3681 φέρεις
562 3595 636 3677 265,
658 3616 688 3661 o:
719 3593 801 3668 τούς
824 3590 1027 3680 φιλοτίμους
1049 3589 1095 3677 μη
1118 3588 1247 3658 ἀδικεῖν
1269 3593 1325 3665 είς

190 3695 360 3780 οἱτιμίαν
391 3696 473 3773 τοὺς
505 3697 541 3763 δὲ
573 3693 720 3774 πολλοδς
746 3697 802 3771 είς
823 3694 973 3782 κίρδοςς
994 3698 1068 3778 272,
1091 3717 1135 3762 ss:
1158 3693 1195 3780 ζῇ
1219 3731 1257 3744 -
1281 3731 1323 3744 -

189 3803 327 3878 ἕκαστος
359 3794 404 3878 οἷς
425 3801 584 3886 βούλεται
606 3805 663 3865 καί
684 3804 740 3877 εἰς
763 3799 780 3865 ὃ
805 3798 956 3886 χρῄζων
978 3802 1077 3884 [quod
1099 3803 1145 3867 sio
1166 3801 1325 3883 explican-

190 3909 264 3974 dum
286 3913 382 3991 puto:
406 3906 443 3994 ζῇ
466 3908 513 3982 είς
535 3907 653 3984 τοῦτο,
676 3900 723 3972 οδ
747 3902 879 3992 χρῄζων
900 3903 984 3980 ἐστι,
998 3905 1088 3972 ‘nach
1106 3905 1187 3986 dem,
1203 3921 1323 3972 wessou

189 4031 225 4078 er
246 4010 407 4094 beduritig
422 4013 474 4092 ist,
492 4012 592 4092 ,uach
607 4013 715 4078 seinen
728 4009 901 4077 Gelusten“
919 4009 974 4092 (K.
989 4028 1019 4092 p.
1037 4007 1144 4092 250)];
1162 4043 1194 4056 -
1209 4008 1285 4090 274,
1297 4030 1323 4074 e:

190 4109 234 4178 τοὶ
257 4111 287 4178 δ’
310 4114 366 4188 είς
387 4113 510 4198 τιμήν
531 4111 846 4199 (πλεονεκτήματα)
861 4109 1021 4193 βασιλικοὶ
1035 4106 1187 4192 μᾶλλονς
1208 4113 1281 4194 275,
1297 4133 1325 4176 ιι

190 4221 245 4292 είς
267 4215 312 4283 τδ
337 4218 448 4300 σῶμα
470 4217 642 4300 αἰσχῦναι,
677 4218 724 4285 eir
746 4217 819 4301 276,
842 4239 889 4298 τις
924 4251 964 4266 -
998 4217 1072 4297 275,
1096 4237 1126 4281 o:
1159 4212 1327 4298 καυχήσα-

191 4323 276 4388 σθαι
299 4323 355 4398 είς
376 4323 448 4408 την
470 4319 632 4423 ἡλικίαν
653 4315 765 4386 αὐτοῦ
772 4342 783 4400 ς
816 4321 890 4404 276,
913 4343 956 4388 ιιι
979 4314 1137 4394 είπόντος
1158 4334 1193 4382 τι
1216 4313 1326 4384 αδτοιλ
