3284 5142
1226 366 1267 432 'ib

180 563 263 627 niem
294 563 326 628 io
354 562 479 644 scriptis
502 562 711 628 Aristoteliois
742 562 867 629 duobus
898 567 1019 629 tentum
1049 563 1126 630 locis
1150 565 1309 630 invenitur

179 671 212 731 et
233 667 272 731 iis
294 666 421 747 quidem
444 666 609 747 suspectis,
633 667 749 747 quippe
772 668 825 747 qui
849 668 964 733 ceteris
986 685 1112 749 quoque
1127 668 1159 732 in
1174 668 1308 733 rebusa

179 785 322 834 sermone
346 768 537 836 Aristotelen
560 769 754 835 abhorreant
776 772 819 847 (v.
845 769 973 836 Euukeo
997 788 1028 851 p.
1052 771 1115 847 64).

528 1044 565 1108 b.
609 1044 661 1106 In
688 1042 794 1108 Ath.
822 1043 963 1108 Polit.

282 1217 319 1281 In
342 1217 479 1283 editione
504 1216 663 1299 Kenyonis
686 1235 715 1297 p.
740 1217 791 1297 28,
808 1241 820 1280 s
840 1215 918 1280 hooc
934 1216 1096 1297 leguntur:
1114 1209 1310 1298 ἀποδημίαν

179 1316 429 1402 ἐποιήσατο-
454 1358 487 1366 -
514 1319 559 1391 εἰς
582 1318 764 1399 Αἴγυπτον
791 1317 895 1401 [περὶ
922 1315 1134 1400 deposcas
1159 1312 1309 1401 [πόλ]ει

179 1420 257 1485 δέκα
291 1419 387 1485 ἐτῶν.
433 1424 520 1501 Quae
554 1424 721 1505 scriptum,
757 1424 907 1505 quoniam
930 1426 1062 1504 propter
1084 1439 1210 1488 sensum
1233 1422 1310 1487 ferri

180 1527 268 1591 nullo
301 1528 394 1593 modo
428 1533 543 1610 potest,
574 1527 614 1593 ab
638 1525 812 1593 editoribus
836 1525 1002 1593 Germanis
1025 1525 1232 1605 sublatam,
1255 1526 1310 1606 qui

179 1629 260 1694 hunc
294 1630 397 1695 iocum
430 1630 476 1696 sio
509 1631 675 1709 dederunt,
709 1633 745 1693 ut
767 1631 798 1695 in
821 1647 940 1712 papyro
963 1631 1083 1694 exstat:
1106 1625 1310 1712 [..Κ]ανω’-

179 1751 247 1793 που
346 1754 375 1793 εν
399 1731 442 1818 (ν.
465 1754 496 1816 p.
519 1735 549 1812 9,
571 1731 612 1815 m)
636 1738 731 1815 atque
755 1732 794 1796 de
818 1734 961 1800 sananda
983 1732 1140 1813 scripture
1161 1751 1231 1797 sese
1255 1731 1308 1796 de·

179 1853 308 1917 sperone
342 1837 499 1902 dixerunt.
547 1837 660 1918 ltaque
694 1855 752 1902 nos
786 1853 911 1918 quoqne
945 1856 964 1901 a
999 1835 1187 1901 coniecturis
1210 1834 1309 1900 absti-

180 1957 318 2005 neamus.
332 1939 362 2022 *)

536 2211 572 2280 G.
618 2211 704 2280 (ium
726 2211 952 2281 Aoousutivo.

548 2419 583 2468 a.
626 2406 679 2469 In
700 2403 940 2470 Politiois.

281 2573 426 2640 Totidem
455 2572 521 2638 fere
551 2573 629 2639 locis
660 2573 759 2654 (304),
791 2579 868 2655 quot
897 2576 975 2656 περί
1004 2591 1030 2639 o.
1053 2571 1158 2638 Genit.
1182 2576 1260 2656 περὶ
1286 2591 1312 2638 c.
1350 2647 1353 2652 ,

179 2679 251 2743 nce.
282 2683 470 2759 usurpatum
502 2677 645 2759 legimus.
691 2677 753 2742 Sed
782 2695 808 2740 c.
833 2678 905 2743 Ace.
930 2679 1097 2743 coniuncta
1120 2679 1198 2743 haec
1221 2696 1313 2760 proe-

180 2781 295 2863 positio
330 2783 438 2863 plures
467 2799 562 2861 quem
596 2783 674 2864 περί
696 2801 722 2847 c.
746 2779 852 2846 Genit.
875 2781 972 2846 hebet
994 2779 1235 2863 significationis
1256 2798 1312 2844 va·

178 2886 319 2950 rietates.
363 2882 444 2948 Nam
480 2883 590 2948 localis
624 2902 750 2968 quoque
784 2890 817 2948 et
845 2883 1030 2966 temporalis
1061 2882 1313 2966 significationis,

179 3006 258 3069 quas
280 3006 434 3069 nusquam
458 2986 555 3051 habet
577 2989 655 3070 περί
669 3005 696 3052 o.
712 2985 816 3053 Gemit.
833 2989 1045 3068 coniunctum,
1062 2988 1093 3052 in
1110 2987 1203 3051 huius
1220 3002 1310 3068 prae·

178 3091 344 3173 positionis
367 3109 394 3154 c.
418 3090 490 3154 Ace.
516 3091 702 3155 coniunctae
726 3109 785 3156 usu
808 3089 910 3156 multa
934 3090 1135 3172 reperiuntur
1158 3087 1303 3169 exempla

283 3194 314 3274 1)
346 3191 476 3258 Loculi
504 3212 616 3259 sensu
645 3196 725 3277 περί
755 3211 780 3258 o.
812 3194 885 3260 Aoo.
908 3195 1015 3259 multis
1037 3197 1070 3259 et
1092 3193 1188 3259 variis
1211 3191 1313 3258 modis

180 3302 362 3380 usurpatur.

283 3397 475 3464 Primoriom
511 3400 580 3480 nim,
611 3419 676 3482 qua
706 3400 827 3465 locum
857 3398 1024 3480 significat,
1047 3399 1185 3464 circum
1208 3415 1313 3480 quem

178 3503 267 3585 quid
298 3505 411 3570 situm
440 3507 497 3567 est
523 3503 582 3568 vel
605 3505 718 3584 iacet,
742 3504 840 3584 apud
863 3520 968 3584 quem
991 3503 1080 3584 quid
1104 3501 1165 3582 tit,
1188 3500 1237 3566 his
1262 3501 1313 3566 de·

177 3608 405 3689 prehendimus
439 3607 530 3673 locis:
566 3606 618 3687 63,
642 3627 683 3671 os:
717 3603 788 3667 τῶν
815 3599 992 3687 Ἑλλήνων
1013 3597 1203 3684 ἱδρυμένων
1225 3605 1314 3686 περὶ

178 3709 254 3792 τήν
275 3707 491 3775 θάλασσαν
513 3702 676 3784 advenum
708 3711 760 3785 63,
784 3733 824 3774 oo:
848 3706 970 3788 u'ntxso
994 3745 1029 3755 -
1056 3745 1093 3754 -
1117 3701 1249 3791 μικρόν,
1275 3741 1311 3754 -

282 3953 314 4020 i)
341 3951 480 4006 Polond
508 3949 694 4018 (Aristoteles’
722 3949 801 4004 Stant
828 3949 875 4002 der
902 3948 1032 4016 Athenon,
1058 3947 1199 4002 dbersotet
1224 3961 1249 4000 v.
1268 3945 1317 4002 D:r

180 4041 225 4096 Fr.
244 4039 354 4108 Polund,
379 4036 472 4094 Berlin
499 4038 580 4106 1801)
608 4053 632 4106 p.
653 4037 686 4092 14
703 4041 759 4093 not,
779 4037 792 4090 1
812 4036 924 4091 lucunas
942 4034 983 4090 sic
1001 4033 1130 4105 explevit,
1148 4039 1180 4088 ut
1198 4033 1316 4102 legeret:

180 4125 238 4196 [nui
263 4125 327 4198 περὶ
348 4123 502 4194 Κάν]ωπον
521 4123 610 4194 [ῷιιῙει
629 4123 704 4192 (ond)
724 4124 792 4178 tino
811 4121 887 4178 ἐτῶν.
923 4122 987 4188 Nos,
1007 4136 1088 4190 quum
1107 4120 1139 4174 de
1158 4117 1256 4190 spatiis
1276 4119 1313 4174 lu·

182 4225 310 4265 mnarum
338 4209 405 4264 nihil
430 4213 504 4264 certo
523 4209 648 4275 sciemus,
667 4210 700 4266 de
718 4207 912 4278 probabilitsto
930 4208 1025 4262 horum
1044 4204 1258 4260 coniecturarum
1276 4203 1317 4260 iu·

182 4296 271 4354 dicore
291 4311 344 4356 non
362 4309 514 4368 posmmns.
551 4295 650 4368 Apmm
669 4301 760 4352 temen
778 4293 903 4350 efficiunt
921 4291 1092 4348 sententium.
