3284 5142
1193 351 1236 431 65

251 567 340 633 Alius
373 569 498 648 generis
531 565 687 632 vocabulo
710 565 822 630 eodem
845 583 938 629 sensu
961 564 1177 645 praepositum
1202 563 1277 644 legi·

152 677 202 736 tur
221 671 271 748 57,
296 692 338 735 1⁵:
362 666 406 731 τὰ
429 666 459 730 δ’
481 662 580 752 δπὲρ
603 665 678 730 coni
685 684 729 730 το
752 666 797 729 τδ
819 668 972 750 τίμημα
994 673 1067 737 τοῖς
1090 662 1280 748 διαιτηταῖς

151 770 409 857 παραδιδόασιν.

623 988 659 1055 4.
713 976 807 1072 μετά.

251 1152 288 1215 In
323 1170 487 1217 numerum
521 1151 794 1232 praepositionum
823 1165 892 1213 cum
916 1147 1065 1214 Genitivo
1087 1151 1120 1213 et
1142 1147 1280 1213 Accusa-

152 1256 212 1319 tivo
236 1256 473 1320 coniunctorum
507 1252 626 1318 referre
649 1271 818 1335 possumus
841 1253 937 1316 etiam
959 1246 1048 1331 μετά
1070 1251 1281 1333 praepositio-

152 1377 229 1437 nem,
264 1359 413 1439 quoniam
444 1375 545 1440 neque
573 1356 700 1422 omnino
724 1356 809 1437 apud
831 1372 947 1436 prosae
970 1356 1123 1420 orationis
1145 1354 1279 1435 scripto·

153 1481 201 1526 res
224 1480 324 1542 neque
348 1461 433 1542 apud
457 1461 660 1526 Aristotelem
686 1476 755 1522 cum
779 1459 893 1523 Dativo
916 1461 1086 1524 coniuncte
1112 1458 1280 1522 invenitur.

526 1767 567 1836 A.
613 1768 698 1836 (lum
722 1766 901 1837 Gonitivo.

509 1994 545 2044 a.
588 1979 641 2042 In
672 1976 912 2043 Politiois.

568 2150 609 2213 33
632 2149 709 2214 locis
731 2149 857 2228 legitur.

256 2322 288 2402 1)
312 2319 475 2402 Significat
505 2325 613 2386 eutem
641 2315 730 2399 μετά
753 2338 778 2383 c.
803 2317 909 2384 Genit.
931 2319 1075 2400 plurimis
1097 2319 1175 2384 locis
1198 2337 1281 2383 com·

155 2425 339 2489 munitatem
369 2424 685 2504 coniunctionemque
715 2422 839 2503 egendi,
863 2442 946 2505 quae
969 2423 1052 2488 inter
1074 2423 1155 2488 duos
1177 2422 1280 2487 homi·

153 2545 207 2592 uos
228 2527 279 2591 vel
302 2526 410 2609 plures
432 2527 608 2606 intercedit,
630 2528 677 2590 ita
699 2531 736 2589 ut
757 2525 876 2590 indicet
897 2526 1081 2591 hominem
1103 2544 1178 2590 una
1200 2543 1282 2588 cum

153 2629 274 2694 altero
306 2630 365 2694 vel
397 2629 573 2712 pluribus
607 2629 753 2710 aliquid
786 2646 908 2708 agere.
953 2627 1058 2704 Quare
1090 2627 1211 2691 nullum
1234 2633 1283 2691 est

155 2737 274 2798 certum
305 2738 362 2798 aut
384 2732 548 2799 definitum
571 2750 670 2812 genus
692 2731 871 2812 verborum,
895 2731 1082 2812 quibuscum
1104 2731 1165 2795 hoc
1187 2750 1282 2796 sensu

152 2833 236 2915 μετά
259 2837 482 2918 coniungetur,
505 2836 562 2903 sed
586 2837 691 2901 omnia
712 2833 809 2900 verbo
831 2853 937 2900 secum
960 2837 1092 2917 patitur.

256 2940 360 3022 Atque
384 2940 477 3005 huius
502 2958 576 3004 usus
599 2957 637 3004 ea
660 2939 794 3020 primum
811 2938 1000 3019 proferende
1014 2939 1162 3004 videntur
1177 2958 1282 3004 exem·

153 3042 214 3123 pla,
247 3062 287 3107 ex
320 3044 435 3124 quibus
469 3043 651 3123 primeriom
673 3043 737 3107 vim
760 3042 1004 3123 praepositionis
1027 3042 1186 3108 localem
1210 3061 1283 3107 con·

156 3147 315 3226 spicimus,
339 3164 402 3226 quo
423 3145 463 3209 de
486 3144 703 3210 hominibus
726 3146 864 3226 ponitur,
887 3146 987 3210 inter
1009 3163 1101 3227 quos
1122 3145 1174 3210 nel
1196 3162 1283 3227 quo-

22 3319 24 3324 ,
154 3266 229 3313 rum
259 3249 368 3330 quusi
397 3266 537 3314 corona
564 3247 710 3312 cinctus
733 3249 803 3329 quis
826 3247 903 3313 lecit
925 3249 1044 3332 aliquid
1066 3248 1128 3331 (cir
1150 3247 1283 3314 Momm·

154 3369 218 3432 seu,
249 3351 269 3415 l.
291 3369 318 3414 c.
342 3350 418 3416 losc.
442 3351 458 3414 I
480 3369 510 3432 p.
533 3351 663 3415 40-44
685 3355 716 3414 et
738 3350 777 3415 51
802 3369 855 3432 sq3
884 3349 1027 3431 Kuhner,
1055 3349 1072 3433 ἕ
1094 3349 1157 3415 439
1186 3351 1282 3427 initlz

155 3453 225 3533 161,
248 3474 290 3518 ιιι
322 3447 413 3526 ὅπως
433 3447 490 3514 ὅτι
512 3447 633 3534 ἥκιστα
659 3449 759 3530 μεταλ
782 3448 935 3515 δούλων
956 3450 1054 3514 ἔσται
1077 3445 1114 3537 (ἦ
1138 3449 1282 3535 διαγωγῇ

154 3557 224 3619 τῶν
251 3552 436 3639 παιδιοῖν),·
457 3555 531 3635 228,
554 3577 596 3620 os:
627 3563 804 3617 συσσιτεῖν
824 3553 907 3635 μετ’
929 3549 1123 3639 δλλήλων;
1143 3556 1218 3636 275,
1241 3577 1282 3621 oo:

155 3663 373 3739 συμπίνοντα
393 3653 493 3737 μετὰ
515 3659 596 3721 τῶν
616 3655 832 3735 salomem·
854 3659 927 3739 277,
943 3681 970 3724 2:
987 3655 1285 3744 Σαρδανάπαλλον

155 3758 237 3825 ι’διδν
268 3778 322 3834 τις
354 3762 519 3836 ξαίνοντα
545 3759 646 3842 μετα
673 3763 752 3824 τῶν
773 3760 982 3842 γυναικῶν.
1026 3763 1147 3828 Eodem
1169 3763 1284 3828 locali

154 3881 247 3930 sensu
271 3867 368 3930 etiem
390 3865 430 3930 de
453 3866 549 3931 rebus
571 3869 744 3946 usurpetur
766 3866 818 3945 95,
834 3888 876 3930 n:
899 3858 918 3948 ἡ
941 3865 987 3948 μή
1011 3860 1149 3948 καθαροὶ
1172 3865 1284 3950 τροφὴ

153 3967 252 4046 μετὰ
285 3966 355 4050 τῆς
385 3965 567 4052 καθαρᾶς
599 3965 666 4051 τήν
697 3965 817 4031 πᾶσαν
845 3971 900 4050 (sc.
924 3964 1073 4053 τροφήν)
1095 3977 1188 4030 ποιεῖ
1209 3987 1285 4052 χρη-

157 4071 358 4156 σιμωτέραν.

257 4173 369 4240 Plures
390 4180 464 4240 sunt
485 4174 556 4249 loci,
580 4175 694 4256 quibus
714 4169 801 4254 μετά
824 4191 850 4240 c.
874 4174 990 4256 Genit,
1005 4176 1066 4241 hac
1080 4174 1174 4240 locali
1189 4176 1285 4256 signi-

156 4275 301 4344 ficatione
324 4281 465 4358 exutum,
488 4277 604 4343 nudem
627 4277 785 4359 significat
807 4280 1064 4344 communitatem
1079 4276 1203 4360 egendi,
1220 4279 1239 4344 i.
1256 4297 1284 4344 e.

1165 4405 1183 4458 9
