3284 5142
1225 347 1267 412 99

278 545 312 628 2)
336 546 383 610 Ex
416 542 643 628 significatione
676 545 747 626 loci,
781 550 908 628 praeter
935 562 1029 626 quem
1051 546 1128 627 quid
1151 548 1306 628 movetur,

167 644 270 734 παρά
304 669 330 716 c.
365 649 439 715 Ace.
473 649 664 715 translatum
697 650 855 715 invenitur
888 650 929 714 ed
952 647 1189 730 significandam
1213 666 1308 729 rem,

168 757 302 834 praeter
325 771 419 834 quam
440 753 523 818 actio
546 751 653 832 aliqua
676 753 766 832 quasi
790 751 909 818 directa
931 755 991 832 est,
1023 770 1098 834 qua
1119 751 1309 834 neglecta,

168 855 288 920 cuius
320 855 427 920 nulla
460 856 611 920 ratione
645 855 798 937 habite,
834 857 855 920 i.
885 873 912 919 e.
949 859 1084 922 contra
1117 873 1228 936 quam
1262 853 1311 920 sit

168 960 292 1038 aetio,
325 957 385 1040 (eir
413 957 545 1024 latinum
579 957 746 1039 „praeter“
781 957 814 1022 in
836 957 995 1024 locutione
1021 961 1167 1041 „praeter
1189 958 1310 1039 opinio-

169 1064 292 1142 nem“).
337 1059 388 1127 Sic
409 1062 440 1126 in
464 1059 678 1126 locutionibus
711 1059 820 1143 παρὰ
845 1056 972 1143 φύσιν
1001 1061 1054 1135 (10
1075 1061 1177 1143 loeis),
1198 1055 1308 1142 παρὰ

168 1163 250 1226 τὸν
274 1159 399 1243 νόμον
422 1164 456 1244 (4
474 1161 574 1244 locis),
597 1165 705 1246 παρὰ
728 1161 772 1225 τὸ
789 1158 1003 1241 ,α’νοίλογον
1026 1165 1175 1246 (310σί8),
1199 1161 1308 1246 παραὶ

169 1266 224 1328 τὰ
247 1260 404 1350 πάτρια
426 1266 490 1348 (54,
502 1263 553 1350 ³⁵),
569 1264 680 1349 παρολ
705 1263 777 1337 τοὶς
801 1262 1008 1348 συνθήκας
1031 1261 1308 1348 (103,ιι),παροὶ

170 1368 250 1432 τόν
281 1365 400 1451 λόγον
434 1367 522 1451 (113,
557 1369 609 1451 οι),
641 1365 753 1452 παρὰ
777 1367 823 1430 τό
847 1365 971 1431 καλόν
1005 1371 1091 1450 (140,
1114 1372 1164 1450 20),
1197 1365 1307 1452 παρά

169 1471 269 1546 τούς
302 1469 500 1552 ἐθισμούς
533 1471 619 1556 (148,
647 1472 684 1554 e),
718 1468 828 1557 παρὰ
861 1471 906 1534 τὸ
942 1468 1105 1534 δίκαιον
1139 1471 1225 1555 (149,
1255 1469 1307 1552 κο),

169 1569 284 1658 παραὶ
307 1575 383 1658 την
405 1578 663 1660 συμμετρίαν
685 1575 771 1657 (266,
797 1576 848 1653 ιι).

279 1683 309 1754 3)
332 1679 380 1743 Ex
402 1679 512 1744 eadem
535 1679 597 1744 loci
618 1679 849 1761 significatione
871 1695 909 1744 eo
925 1680 1043 1746 abiisse
1058 1680 1185 1746 videtur
1199 1677 1305 1764 παροί,

171 1786 211 1848 ut
226 1783 310 1850 idem
324 1782 444 1848 valeret
459 1787 553 1868 atque
568 1785 781 1866 germanicum
797 1781 961 1867 „neben“,
978 1783 1156 1866 ,aussei‘ss
1173 1783 1305 1850 latinum

174 1887 385 1972 ,praeter“,
420 1904 516 1968 quem
551 1887 613 1952 vim
647 1888 679 1951 in
703 1887 844 1952 Politicis
868 1888 965 1954 hebet
987 1887 1027 1954 27
1051 1886 1139 1966 locis,
1174 1905 1309 1968 quorum

171 2007 294 2072 paucos
316 1989 453 2071 exempli
475 1989 579 2069 gratia
601 1991 842 2071 exscripsimus:
877 1989 906 2070 ί,
929 2011 960 2053 2:
988 1985 1056 2051 α’πὸ
1078 1984 1227 2071 μὲνγὰρ
1251 1987 1309 2070 τῆς

171 2089 322 2175 κερκίδος
344 2086 461 2176 ἕτερόν
483 2110 518 2151 τι
541 2094 670 2171 γίνεται
691 2091 800 2175 παρὰ
824 2091 900 2172 τήν
921 2091 1068 2174 χρῆσιν
1091 2086 1207 2174 αὐτῆς,
1240 2087 1310 2154 α’πὸ

172 2192 211 2256 δὲ
232 2193 293 2276 τῆς
314 2192 460 2277 ἐσθῆτος
473 2230 512 2240 -
527 2187 598 2278 -η
621 2192 739 2277 χρῆσις
760 2191 889 2274 μόνον,·
911 2196 962 2274 24,
985 2215 1029 2259 2³:
1051 2189 1201 2278 πότερον
1215 2191 1311 2256 ἔστιν

172 2292 279 2381 ἄρετη
295 2315 348 2372 τις
363 2294 487 2361 δούλου
504 2296 614 2381 παρὰ
637 2296 710 2369 τοίς
732 2294 955 2381 ὀργανικὰς
972 2331 1010 2343 -
1028 2291 1108 2378 -ἢ
1133 2291 1195 2360 οιίκ
1216 2293 1311 2358 ἔστιν

173 2395 316 2480 ον’δεμία
349 2398 459 2484 παροὶ
494 2395 566 2472 τοὶς
600 2397 838 2479 σωματικάς
860 2391 1102 2484 ὖπηρεσίαςς
1136 2399 1189 2480 56,
1212 2421 1257 2464 ιιι
1292 2390 1309 2459 ὁ

173 2502 236 2586 γὰρ
270 2500 374 2582 νόμος
408 2498 510 2583 ι’σχιλν
544 2497 708 2582 ου’διμίαν
730 2499 798 2582 ἔχει
819 2499 903 2583 πρὸς
925 2499 965 2564 τό
988 2502 1177 2564 πείθεσθαι
1199 2498 1310 2585 παραὶ

174 2605 220 2669 τὸ
243 2603 355 2682 ἔθοςς
380 2606 450 2688 199,
465 2628 508 2670 ιιι
531 2600 792 2690 ἀριστοκρατίας
813 2606 877 2684 μὲν
892 2597 956 2667 οὖν
978 2602 1087 2688 παρὰ
1110 2600 1191 2690 την
1211 2601 1312 2690 πρωί

173 2728 247 2791 την
268 2707 334 2792 την
356 2705 497 2792 ἀρίστην
519 2706 734 2770 πολιτείαν
756 2707 869 2770 ταῦτα
892 2703 954 2770 δύο
975 2705 1063 2790 εἴδη·
1085 2709 1215 2789 201,οο;
1232 2711 1312 2772 τίνα

174 2809 212 2874 δὲ
233 2807 365 2896 τρόπον
386 2815 516 2892 γίνεται
547 2811 657 2896 παρὰ
681 2811 962 2894 δημοκρατίαν
990 2811 1046 2874 καὶ
1066 2806 1268 2898 ὀλιγαρχίαν
1292 2804 1311 2893 ἡ

173 2912 362 2998 καλουμένη
383 2913 552 2990 πολιτεία,
576 2950 613 2960 -
633 2951 682 2994 -,
706 2911 860 2994 λέγωμεν.
898 2913 977 2979 Cum
1000 2914 1062 2980 illis
1084 2915 1163 2982 loeis
1186 2932 1311 2998 compa·

174 3021 239 3086 rari
260 3024 368 3101 potest
389 3020 461 3084 hic:
484 3018 557 3099 286,
582 3042 622 3084 ιιι
645 3015 755 3101 πάσης
776 3019 840 3098 μὲν
863 3012 988 3103 ὕβρεως
1003 3017 1185 3101 εἴργεσθαι,
1200 3017 1311 3103 παρὰ

173 3120 307 3194 πάσας
324 3118 362 3183 δὲ
376 3119 480 3198 desse,
503 3122 558 3186 ubi
572 3120 668 3205 παρά
684 3123 918 3204 praepositione
934 3121 1040 3204 plures
1056 3141 1107 3190 res
1127 3123 1309 3204 significan-

174 3229 238 3305 tur,
261 3244 395 3307 quarum
419 3245 458 3289 ex
481 3242 611 3292 numero
635 3225 767 3306 aliquot,
790 3230 826 3290 ut
847 3227 1010 3307 graviores
1033 3225 1082 3290 vel
1097 3227 1226 3294 maioris
1241 3246 1311 3294 me·

175 3330 282 3409 menti,
316 3329 433 3394 ceteris
454 3331 669 3411 opponuntur,
706 3329 727 3394 i.
751 3350 779 3393 e.
802 3347 863 3408 res,
893 3329 1008 3408 quibus
1031 3333 1155 3394 ceterae
1177 3333 1313 3410 antepo-

175 3433 304 3511 nuntur,
326 3429 562 3514 praeferuntur.

278 3535 309 3610 4)
332 3533 466 3600 Duobus
490 3533 699 3600 Politicorum
722 3534 799 3600 locis
821 3534 955 3616 legimus
976 3533 1167 3602 locutionem
1199 3531 1328 3617 παριΐ·

173 3633 331 3721 μικρόν.
376 3637 447 3714 Qua
482 3637 644 3704 locutione
668 3636 868 3717 Aristoteles,
891 3637 972 3703 sieut
1004 3638 1036 3702 in
1069 3637 1183 3704 ceteris
1210 3636 1312 3720 libris,

175 3741 213 3806 in
242 3740 507 3823 comparandis
541 3740 687 3806 duabus
722 3741 843 3806 rebus
870 3742 980 3822 utitur,
1013 3747 1133 3808 utnon
1155 3740 1314 3808 multum

175 3845 338 3911 alteram
372 3843 417 3908 ab
451 3844 576 3911 altera
610 3844 777 3912 differre
811 3845 871 3910 vel
904 3843 1039 3912 abesse
1061 3843 1228 3926 significet,
1250 3844 1313 3928 (cir

175 3947 307 4014 Eueken
331 3965 362 4028 p.
384 3947 451 4028 61).
496 3945 547 4014 Sic
569 3948 642 4028 250,
665 3972 703 4025 κο,
725 3969 769 4013 21:
803 3943 853 4008 ἔτι
877 3943 934 4008 δια
958 3945 1000 4008 τό
1025 3944 1135 4030 παρὰ
1156 3945 1305 4027 μικρόν

176 4044 230 4134 (αἱ
251 4046 421 4112 πολιτείαι
442 4047 719 4134 μεταβάλλουσι).
754 4047 835 4130 λέγω
859 4046 1027 4132 δὲπαρά
1050 4042 1217 4130 μικρόν,
1251 4044 1308 4112 ὅτι

174 4146 337 4225 πολλάκις
370 4147 538 4216 λανθάνει
570 4150 694 4238 μεγάλη
731 4155 889 4235 γενομένη
911 4149 1097 4232 μετάβασις
1119 4149 1189 4211 τῶν
1213 4155 1306 4230 νομί-

174 4275 259 4334 μων,
292 4250 382 4317 ὅταν
413 4255 590 4342 παρορῶσι
622 4253 662 4321 τὸ
697 4252 819 4339 μικρόν
852 4257 924 4322 ideo
958 4255 1095 4320 formam
1118 4253 1313 4335 reipublicae
