3284 5142
336 381 394 447 118

286 581 407 646 stotelis
430 581 471 644 sit
493 581 665 661 proprium.
689 580 778 645 Idem
801 597 930 662 prorsus
954 580 994 643 de
1018 579 1054 642 A.
1072 578 1106 642 Ρ.
1131 577 1309 643 dicendum.
1333 577 1417 642 Cau-

286 683 361 748 salis
384 682 631 765 significationis,
655 701 737 763 quae
761 685 867 749 minus
889 684 1024 748 fortasse
1048 688 1096 748 est
1118 683 1237 748 usitata
1259 685 1342 761 texx.
1366 699 1418 762 ap.

286 787 481 851 Euckenium
505 790 537 850 et
559 786 706 851 Lutzium
729 786 761 850 ll.
786 785 853 867 aa),
879 787 998 851 nullum
1022 788 1054 851 in
1077 785 1125 850 his
1147 785 1237 850 libris
1258 785 1418 849 invenitur

286 890 467 970 vestigium:

654 1075 724 1153 elmi
751 1075 802 1178 (u.
830 1104 887 1172 pp.
919 1075 1034 1177 1—7)

389 1250 425 1314 In
460 1249 551 1315 locali
581 1270 642 1314 asu
677 1268 777 1331 neque
810 1251 841 1314 in
866 1249 909 1331 Ρ,
944 1252 1076 1330 excepta
1098 1248 1234 1314 fortasse
1257 1248 1416 1313 locutione

286 1353 386 1436 χωρὶς
408 1346 488 1426 ἀπό,
518 1371 619 1433 neque
642 1353 673 1417 in
697 1354 735 1416 A.
757 1352 792 1415 Ρ.
816 1353 988 1435 quidquam
1012 1353 1103 1432 inest,
1127 1352 1212 1432 quod
1235 1351 1416 1417 Aristotelis

285 1474 361 1537 prae
394 1457 507 1521 ceteris
540 1454 748 1536 scriptoribus
781 1457 822 1522 sit
854 1457 1017 1538 proprium
1041 1455 1100 1536 (cir
1123 1455 1203 1520 Lutz
1228 1475 1258 1536 p.
1281 1456 1323 1520 42
1347 1472 1416 1535 sq.;

285 1557 418 1622 Ktihner
440 1559 460 1636 ξ
482 1558 554 1637 430,
580 1560 625 1641 1).

390 1659 585 1742 Temporalis
619 1665 725 1725 autem
758 1661 876 1727 locutio
911 1657 970 1721 ἀπ’
1004 1655 1104 1744 ἀρχῆς
1126 1662 1171 1727 sic
1194 1666 1356 1742 usurpate,
1381 1666 1417 1726 ut

285 1765 368 1829 idem
391 1763 548 1846 significet
570 1768 666 1845 atque
687 1760 724 1824 ἐν
747 1759 844 1845 ἀρχῇ,
868 1763 1050 1830 Aristotelis
1073 1768 1121 1828 est
1144 1765 1281 1845 propria.
1326 1763 1415 1840 Quae

286 1868 410 1932 dicendi
444 1867 582 1931 formula
613 1868 645 1930 in
680 1868 768 1932 libris
804 1868 1005 1932 Aristoteleis
1026 1884 1098 1931 raro
1122 1867 1287 1931 invenitur,
1305 1866 1417 1946 (multo

286 1969 410 2050 saepius
444 1972 556 2035 eodem
590 1989 682 2036 sensu
716 1976 888 2053 usurpatur
921 1971 1038 2035 locutio
1062 1967 1095 2042 ἐξ
1118 1962 1233 2051 ἀρχῆς,
1257 1989 1285 2033 v.
1309 1968 1418 2050 infra),

286 2075 317 2138 in
341 2074 377 2139 A.
403 2073 436 2136 P.
460 2092 627 2155 nusquam.

388 2176 479 2253 Quod
513 2178 596 2242 idem
630 2179 662 2243 in
695 2197 754 2244 usu
778 2177 933 2242 translato
955 2177 1062 2241 videre
1085 2176 1167 2250 licet,
1191 2178 1300 2242 deesse
1324 2179 1354 2242 in
1379 2176 1417 2242 A.

286 2279 320 2343 Ρ.
344 2281 500 2361 quidquid
533 2281 637 2346 narius
660 2286 708 2346 est
733 2287 763 2347 et
785 2281 888 2347 minus
912 2282 1066 2348 usitatum
1090 2279 1189 2359 [velut
1211 2275 1284 2340 α’πό
1306 2281 1347 2345 ad
1370 2282 1417 2346 in-

286 2382 454 2448 dicandum
481 2382 602 2448 fontem
631 2382 786 2450 Genitivis
809 2402 1014 2466 personarum
1038 2384 1254 2465 praepositum
1278 2385 1332 2462 (de
1354 2401 1417 2464 qun

285 2505 313 2549 v.
338 2486 418 2553 Lutz
451 2506 481 2570 p.
504 2488 546 2552 43
570 2485 674 2570 exta),
709 2483 779 2560 α’πό
803 2507 859 2569 pru
883 2479 952 2548 ὑπό
976 2481 1196 2572 usurpatum];
1231 2486 1335 2552 nullas
1358 2487 1419 2553 hoc

150 2645 152 2650 ,
286 2608 365 2670 opus
399 2590 638 2672 significationis
671 2592 842 2657 varietates
869 2590 1019 2657 exhibere
1043 2589 1168 2653 videtur
1190 2589 1250 2655 nisi
1273 2591 1417 2656 usitatas.

658 2889 695 2958 ἐκ
723 2880 773 2984 (u.
802 2910 860 2978 pp.
891 2881 1047 2985 8-19).

389 3053 515 3119 Loealis
537 3075 617 3118 usus
640 3059 672 3119 et
694 3056 725 3119 in
748 3055 782 3120 P.
808 3059 840 3118 et
863 3057 894 3120 in
918 3055 956 3118 A.
981 3054 1015 3118 Ρ.
1038 3056 1132 3136 plane
1155 3055 1197 3119 ad
1219 3073 1419 3121 communem

286 3158 466 3222 Atticorum
501 3155 650 3238 loquendi
685 3176 804 3223 morem
839 3163 887 3222 est
920 3159 1175 3223 accommodatus
1198 3157 1259 3239 (uir
1283 3158 1364 3223 Lutz
1387 3178 1418 3239 p.

288 3260 330 3324 46
353 3259 436 3340 sqq).
461 3259 579 3323 Earum
603 3263 708 3324 antem
731 3261 929 3340 varietatum,
953 3261 1086 3342 quasin
1110 3259 1144 3323 P.
1169 3260 1332 3342 habemus,
1356 3255 1420 3326 usi-

286 3363 462 3428 tutissimus
483 3355 625 3444 quasque
648 3363 679 3427 in
704 3364 740 3428 A.
765 3364 800 3426 P.
823 3363 1022 3445 agnoscimus
1046 3363 1104 3437 (cfr
1126 3382 1155 3445 p.
1180 3363 1199 3427 8
1222 3370 1254 3428 et
1279 3365 1340 3441 16).

390 3464 583 3546 Tempornlis
616 3466 733 3532 locutio
761 3464 796 3539 ἐξ
820 3461 922 3549 ἀρχῆς
944 3467 989 3532 siu
1012 3470 1176 3548 usurpata,
1200 3472 1237 3530 ut
1258 3467 1342 3531 idem
1366 3487 1421 3533 va·

285 3572 349 3634 leet
371 3573 466 3649 atque
489 3565 526 3629 ἐν
548 3565 643 3651 ἀρχῇ,
672 3570 852 3636 Aristotelis
881 3573 929 3635 est
952 3571 1089 3651 propria.
1135 3570 1248 3652 ltaque
1270 3570 1351 3636 hanc
1374 3571 1419 3636 lo·

286 3673 444 3738 cutionem
478 3674 509 3737 in
544 3673 580 3736 A.
606 3673 640 3736 P.
674 3691 806 3754 prorsus
840 3673 974 3738 similem
1008 3691 1077 3739 esse
1111 3678 1205 3754 atque
1240 3675 1421 3756 inscriptis

285 3776 486 3841 Aristoteleis
515 3773 576 3860 (cfr
599 3777 729 3842 Eucken
752 3795 782 3857 p.
809 3778 849 3841 10
871 3778 942 3858 sq),
965 3776 1101 3843 fortasse
1125 3795 1187 3843 non
1210 3778 1348 3843 alienum
1372 3781 1422 3843 est

289 3879 439 3944 hocloco
463 3880 579 3944 iterum
602 3897 741 3946 monere.

394 3979 557 4048 Praaslan
589 4004 669 4048 usus
702 4004 758 4048 eae
792 3981 858 4046 lere
892 3983 923 4046 in
957 3982 992 4046 Ρ.
1014 3983 1221 4049 inveniuntur
1240 3985 1421 4065 varietates

287 4103 369 4168 quae
402 4086 435 4150 in
470 4089 627 4152 communi
662 4107 721 4153 usu
745 4085 805 4168 (cir
828 4085 908 4150 Lutz
932 4086 952 4148 l.
977 4087 1028 4166 a).
1073 4086 1121 4149 Ex
1143 4087 1259 4167 quibus
1282 4087 1368 4168 quod
1390 4089 1422 4153 in

286 4191 324 4253 A.
348 4188 382 4253 P.
415 4189 585 4255 nonnullae
619 4190 733 4254 desunt
768 4185 810 4275 [v.
834 4190 892 4255 sub
926 4189 970 4268 6),
1005 4191 1048 4270 7),
1086 4189 1149 4269 13),
1179 4185 1256 4272 14)],
1282 4206 1422 4270 quaeun-

287 4311 347 4373 que
370 4310 409 4356 ex
432 4309 528 4358 cause
549 4293 673 4373 accidit,
698 4294 776 4360 nihil
799 4293 839 4359 ad
862 4311 939 4373 rem,
968 4298 1000 4357 et
1024 4294 1176 4358 minorem
1200 4291 1293 4357 huius
1317 4294 1422 4374 operis
