3318 5144
314 1264 378 1377 Ad
400 1318 528 1377 libellum
551 1318 587 1376 de
601 1317 822 1377 Atheniensium
837 1317 952 1389 Politia,
969 1333 1071 1377 recens
1087 1319 1233 1377 inventum
1249 1334 1267 1376 a
1282 1317 1341 1375 Ke-

211 1439 306 1496 nyone
327 1423 452 1495 primum
473 1422 504 1478 in
525 1421 626 1493 vulgus
648 1420 765 1492 editum,
791 1437 877 1493 quum
899 1420 930 1478 in
952 1421 1089 1493 operibus
1111 1421 1279 1480 Aristotelis
1300 1421 1343 1478 le·

211 1526 349 1586 etitandis
382 1530 443 1583 tum
470 1525 564 1597 ipsum
586 1538 729 1594 versarer,
764 1539 956 1596 magnacum
979 1525 1199 1596 exspectatione
1221 1524 1342 1582 accessi.

210 1630 312 1702 Neque
335 1629 410 1686 enim
433 1627 598 1686 nesciebam
621 1627 700 1685 illum
722 1626 851 1685 libellum
873 1627 903 1684 in
926 1643 1026 1686 eorum
1048 1644 1199 1686 numerum
1218 1642 1282 1686 esse
1296 1643 1342 1684 re-

210 1731 369 1804 ferendum,
394 1747 466 1804 quos
488 1731 526 1789 ad
542 1747 721 1791 communem
737 1731 940 1804 vulgaremque
955 1730 1102 1789 hominum
1117 1731 1342 1804 intellegentiam

211 1835 249 1894 ab
263 1835 422 1894 Aristotele
443 1835 679 1894 accommodatos
702 1851 766 1893 esse
788 1835 918 1907 tradunt,
942 1834 994 1893 hos
1017 1840 1113 1893 autem
1128 1835 1158 1892 in
1173 1834 1280 1893 abditis
1296 1851 1343 1892 ar·

211 1939 283 1997 tium
317 1938 478 2010 disciplinis
511 1938 625 1996 ratione
659 1955 693 1996 ac
725 1937 774 1996 via
801 1938 950 1996 tradendis
972 1937 1092 2000 versari.
1137 1937 1233 2010 Atque
1256 1953 1344 2010 quum

212 2040 338 2115 difficile,
361 2047 537 2113 contortum,
565 2058 753 2114 pressumque
776 2041 916 2099 sermonis
938 2039 1108 2100 Aristotelei
1130 2058 1220 2113 genas
1242 2058 1278 2099 ex
1300 2039 1344 2097 bis

212 2145 359 2218 cognitum
381 2143 528 2217 haberem,
546 2144 603 2203 iam
626 2142 779 2217 sperabam
803 2141 865 2202 iore
886 2149 920 2202 ut
946 2144 976 2201 in
998 2144 1048 2203 illo
1070 2143 1169 2202 libabo
1184 2160 1249 2202 eum
1265 2143 1344 2200 vide·

211 2265 274 2308 rem
290 2247 488 2320 Aristotelem,
505 2265 590 2321 quem
605 2253 735 2306 veterum
752 2248 858 2305 multos
873 2247 1058 2320 scriptorum,
1075 2247 1244 2307 Ciceronem
1259 2263 1344 2320 prae·

213 2352 314 2410 sertim
337 2357 366 2410 et
388 2351 606 2423 Quintilianum,
630 2351 748 2409 summis
771 2351 955 2424 eloquentiae
976 2350 1110 2409 laudibus
1133 2351 1270 2409 extulisse
1292 2366 1345 2407 no-

212 2463 274 2513 tum
297 2460 350 2513 est.
394 2455 497 2527 Itaque
530 2470 634 2512 novum
668 2452 796 2512 libellum
821 2454 920 2527 legens
942 2454 972 2511 in
994 2470 1157 2512 sermonem
1179 2460 1209 2512 et
1231 2452 1346 2512 dicendi

212 2575 302 2631 genus
324 2558 448 2616 maxime
471 2557 597 2615 animum
619 2556 740 2628 intendi,
764 2561 797 2615 ut
819 2556 924 2630 quibus
946 2557 1034 2615 rebus
1056 2556 1112 2616 boc
1128 2557 1242 2617 dicendi
1257 2573 1346 2628 genus

213 2663 251 2722 ab
284 2663 333 2720 illo
360 2661 491 2722 differret
512 2677 726 2734 cognoscerem.
771 2660 818 2718 Ad
841 2679 927 2734 quam
949 2678 1010 2720 rem
1033 2678 1068 2720 eo
1090 2662 1181 2734 magis
1204 2661 1346 2720 adductus

214 2783 287 2838 sum,
301 2766 378 2839 quod
399 2766 429 2823 in
451 2765 630 2824 Aristoteleo
653 2765 794 2823 sermonis
816 2781 921 2837 genere
944 2766 1144 2837 cognoscendo
1166 2771 1196 2824 et
1218 2782 1284 2825 eum
1299 2782 1347 2824 ce-

214 2876 343 2929 terorum
377 2869 552 2941 scriptorum
584 2884 638 2925 nsu
671 2868 868 2939 comparando
891 2867 946 2925 viri
968 2867 1048 2928 docti
1070 2884 1128 2927 non
1149 2868 1192 2927 ita
1214 2868 1347 2927 elabora·

213 2979 291 3044 runt,
325 2978 357 3030 ut
381 2989 439 3030 non
461 2971 571 3044 aliquid
593 2976 729 3042 restaret,
760 2971 796 3029 de
818 2988 875 3044 quo
910 2977 939 3030 ct
961 2972 1032 3030 utile
1055 2978 1133 3031 esset
1156 2987 1295 3046 quaerere
1319 2976 1348 3029 et

213 3076 378 3136 iucundum.
422 3074 557 3134 Accessit
591 3075 668 3148 quod
697 3075 775 3132 iuter
802 3074 880 3133 viros
904 3075 1007 3134 doctos
1030 3075 1172 3134 dissensio
1195 3075 1348 3134 exstiterat

214 3184 250 3241 de
273 3183 383 3256 origine
406 3182 473 3240 novi
494 3180 594 3253 libelli,
625 3197 708 3253 quem
732 3179 768 3239 ab
791 3177 952 3238 Aristotele
974 3179 1039 3251 ipso
1061 3178 1258 3251 conscriptum
1285 3195 1348 3236 osse

214 3287 263 3345 alii
297 3302 355 3345 non
388 3284 533 3356 dubitant,
556 3284 606 3342 alii
638 3287 753 3355 negant.
799 3281 846 3340 Ad
868 3299 954 3355 quam
976 3299 1038 3339 rem
1060 3282 1299 3354 cognoscendam,
1324 3281 1349 3339 si

213 3389 298 3449 huius
330 3387 421 3446 libelli
453 3403 616 3446 sermonem
649 3403 715 3445 cum
737 3384 916 3444 Aristotelea
939 3384 1080 3442 sermonis
1101 3401 1207 3457 genere
1229 3400 1349 3457 compa·

214 3511 334 3567 rossem,
357 3509 403 3551 me
425 3492 534 3565 aliquid
557 3493 659 3551 saltem
681 3490 850 3562 adiumenti,
885 3489 1168 3562 quantulumcunque
1192 3494 1278 3561 esset,
1307 3489 1349 3546 al·

213 3600 339 3658 laturum
363 3612 428 3656 esse
450 3593 613 3668 sperabam.

317 3699 375 3760 Sed
408 3715 465 3772 quo
499 3699 584 3757 modo
607 3715 668 3756 rem
692 3697 801 3769 optime
823 3696 1067 3767 administrarem,
1101 3694 1150 3753 diu
1172 3694 1349 3767 multumque

215 3821 327 3863 urceum
361 3801 501 3861 dubitavi.
547 3800 686 3861 Omnibus
709 3801 786 3860 enim
807 3800 903 3872 rebus,
938 3815 1013 3873 quae
1034 3799 1071 3858 ad
1093 3813 1254 3856 sermonem
1278 3797 1350 3858 scri-

215 3907 309 3981 ptoris
330 3905 526 3980 pertinebant,
562 3923 598 3964 ex
621 3904 754 3964 omnibus
787 3903 871 3962 libris
892 3901 1078 3962 Aristoteleis
1101 3901 1247 3974 congestis
1270 3900 1350 3959 etin

216 4010 464 4084 comparationem
497 4009 618 4082 vocatis,
653 4006 808 4066 videbatur
839 4005 903 4065 fore
936 4012 969 4064 ut
1000 4004 1154 4064 tractanda
1176 4003 1300 4062 materia
1321 4003 1351 4060 in

217 4115 386 4173 immensum
416 4119 572 4172 cresceret.
617 4114 720 4186 ltaque
743 4111 833 4170 multo
856 4107 1072 4183 angustioribus
1095 4107 1199 4167 linibus
1221 4107 1350 4180 disputa-

217 4217 326 4277 tionem
360 4217 601 4278 circumscribere
633 4233 754 4276 necesse
788 4221 860 4275 erat.
906 4214 1002 4288 Atque
1035 4213 1202 4273 accuratius
1231 4211 1350 4271 ratioci-

216 4322 298 4380 nanti
331 4319 400 4378 niilni
434 4320 504 4378 satis
538 4339 601 4382 csse
624 4320 777 4380 videbatur
798 4336 884 4378 unum
908 4318 1115 4376 Aristoteleum
1140 4333 1211 4391 opus
1235 4315 1350 4390 eligere,
