3318 5144
1250 388 1289 453 19

195 585 349 664 positione
383 583 571 664 exprimitur
604 584 634 648 iu
669 583 828 648 locutione
857 579 897 647 ἐκ
918 586 1127 667 προνοίας,
1150 603 1231 666 quae
1253 584 1332 664 legi-

201 693 254 752 tur
275 687 327 766 65,
349 709 374 750 a.

299 791 350 866 10)
374 790 492 856 Eodem
526 807 590 870 qua
622 790 655 855 in
677 789 820 855 Politicis
842 788 1073 873 significatione
1097 809 1178 855 cum
1200 790 1332 856 verbis

194 893 430 976 percipiendi
452 897 490 957 et
513 893 766 974 cognoscendi
795 890 828 957 ἐκ
851 913 878 959 c.
901 891 1005 958 Genit.
1030 891 1232 958 coniunctum
1254 893 1332 974 legi-

194 1003 245 1062 tur
267 995 297 1076 9,
321 1021 358 1078 ιο,
382 1017 423 1060 11:
458 989 498 1056 ori
521 994 586 1079 γὰρ
611 991 802 1079 [δ]ίιι[αιον]
828 993 865 1061 ἐκ
887 998 967 1058 τῶν
1001 997 1077 1057 νῦν
1109 996 1332 1074 γινομένων

193 1093 267 1160 ἄλλ’
299 1095 337 1163 ἐκ
370 1102 437 1181 τῆς
459 1093 574 1183 ἄλλης
595 1096 805 1171 πολιτείας
826 1101 996 1183 θεωρεῖν
1019 1096 1083 1180 τήν
1105 1094 1231 1162 ἐκείνου
1253 1097 1333 1178 βού-

192 1198 307 1285 λησινς
329 1203 360 1280 5,
384 1223 410 1266 1:
433 1198 473 1263 ἔκ
495 1220 531 1264 τε
553 1205 634 1266 τῶν
656 1197 786 1264 ἄλλων
808 1194 1067 1281 ὁμολογεῖται
1090 1202 1148 1261 καί
1174 1236 1332 1255 ---.

193 1303 344 1370 Similiter
358 1306 409 1387 58,
425 1327 455 1370 r:
471 1307 576 1368 τοῦτο
599 1303 635 1367 δὲ
658 1301 779 1389 δῆλον
801 1303 838 1370 ἐκ
860 1303 938 1366 τῶν
961 1297 1171 1387 ἀρχόντων
1188 1307 1331 1368 καὶτῶν

194 1402 390 1488 ἐπωνύμων.

298 1513 348 1590 11)
381 1509 496 1577 Tribus
529 1512 606 1578 locis
636 1509 669 1577 ἐκ
691 1513 829 1594 positum
853 1515 912 1593 est,
947 1516 983 1575 ut
1016 1511 1061 1576 ad
1097 1530 1208 1593 quam
1241 1514 1330 1594 quid

192 1632 355 1680 normam
378 1619 444 1679 aut
465 1615 633 1697 regulam
656 1615 851 1680 referatur
873 1613 1043 1696 significet:
1078 1616 1131 1695 46,
1154 1637 1183 1679 a:
1206 1616 1330 1696 γεγονέ-

192 1735 250 1778 ναι
273 1711 338 1798 τὴν
360 1708 493 1798 ἡλικίαν
514 1715 589 1798 τήν
609 1715 647 1783 ἐκ
668 1720 740 1780 τοῦ
765 1715 906 1797 νόμους
932 1717 983 1796 28,
1007 1738 1049 1782 ra:
1083 1720 1143 1800 τῆς
1164 1754 1206 1764 -
1229 1733 1331 1801 στρα-

191 1822 281 1894 τείας
303 1821 476 1903 γενομένης
498 1817 535 1885 ἐκ
557 1817 797 1902 καταλόγους
819 1822 870 1900 37,
894 1843 935 1885 ro:
959 1818 996 1885 ἐκ
1018 1819 1098 1882 τοῖν
1120 1816 1256 1884 ὅπλων
1270 1824 1329 1904 τῆς

190 1919 365 1994 πολιτείας
398 1917 507 2006 οὔσης,
541 1942 605 2005 quo
639 1931 798 2007 postremo
833 1927 972 2007 scriptor
1006 1925 1111 1989 dicere
1139 1925 1207 1989 vuit
1228 1924 1327 1990 admi·

188 2027 409 2092 nistratiouem
431 2027 625 2109 reipublicae
648 2030 680 2094 in
702 2029 835 2094 arbitrio
857 2047 967 2094 eorum
982 2027 1078 2092 fuisse
1094 2029 1241 2108 positam,
1266 2030 1322 2108 qui

191 2147 279 2194 arma
300 2129 383 2194 ferre
406 2133 537 2212 possent
559 2129 619 2210 (cir
641 2130 680 2194 K.
704 2135 737 2196 ot
759 2130 799 2196 Κ.
821 2151 851 2213 p.
874 2132 940 2212 56).

296 2231 347 2314 12)
371 2233 514 2310 Quibus
534 2254 578 2298 ex
594 2235 714 2317 copiis
731 2235 1026 2317 sumptusiiant‚
1043 2230 1327 2315 &praepositione

190 2334 385 2416 significatui·
417 2336 447 2416 8,
471 2359 501 2402 o:
535 2333 774 2400 α’ναλίσκειν
806 2335 844 2403 ἐκ
870 2339 940 2400 τοῦ
966 2336 1191 2421 ναυκραρικοῠ
1215 2331 1327 2418 α’ργυ-

190 2440 289 2523 ρίοο.
319 2438 475 2515 Quidnam
498 2441 540 2506 sit
561 2441 593 2504 iu
616 2439 676 2506 hac
698 2459 732 2506 re
756 2442 839 2505 inter
860 2435 932 2503 οἷοιό
953 2445 987 2505 ot
1009 2436 1042 2504 ἐκ
1065 2440 1264 2518 discriminis
1287 2459 1327 2504 ex

191 2541 298 2622 paucis
332 2560 412 2623 quae
446 2543 478 2607 in
506 2544 580 2608 Ath.
604 2543 697 2609 Polit.
735 2544 886 2609 habemus
909 2543 1061 2624 exemplis
1083 2562 1146 2607 nou
1169 2541 1247 2607 satis
1270 2560 1326 2623 ap·

189 2651 290 2725 paret,
326 2646 381 2710 sed
403 2646 530 2712 videtur
552 2651 584 2711 et
606 2649 637 2712 in
661 2647 721 2712 hoc
744 2647 888 2728 exemplo
913 2646 956 2727 (8,
980 2645 1007 2728 ο)
1031 2650 1116 2711 stare
1138 2662 1231 2726 posse
1254 2638 1324 2705 ἀπό

188 2765 247 2828 pro
270 2745 315 2822 ἐκ,
347 2753 380 2814 et
412 2751 444 2816 iu
478 2750 525 2831 iis,
556 2769 637 2832 quae
670 2768 701 2831 p.
730 2750 831 2815 7sub
854 2751 888 2829 3)
922 2755 1003 2814 extr.
1026 2749 1259 2830 exscripsimus,
1293 2742 1327 2810 ἐκ

189 2867 247 2932 pro
269 2846 351 2913 αἀό.

295 2952 347 3035 13)
381 2959 414 3018 et
450 2953 502 3037 14)
537 2955 647 3038 Neque
680 2956 716 3020 in
749 2957 1041 3022 commutatione
1071 2953 1327 3036 significanda

188 3075 290 3138 neque
324 3075 391 3138 pro
415 3058 597 3125 adverbio
620 3060 758 3125 modali
793 3059 1118 3143 &praepositionem
1141 3061 1325 3138 usurpatam

187 3178 371 3226 ruvemmus.

665 3363 697 3428 4.
754 3350 836 3450 πρό.

546 3575 581 3626 e.
624 3560 679 3624 In
710 3559 952 3628 Politiois.

599 3731 717 3796 Nouius
741 3733 911 3798 iuvenitur.

289 3885 326 3950 In
361 3903 419 3950 usu
451 3886 545 3952 huius
582 3889 836 3970 praepositionis
871 3889 932 3954 etsi
966 3886 1095 3952 minime
1124 3886 1275 3964 frequens
1297 3882 1331 3946 in

185 3987 326 4054 Politicis
349 3993 408 4069 est,
432 3995 538 4056 tomen
566 3990 720 4058 nonnullo
743 3997 819 4060 suut
841 3993 944 4058 minus
968 3990 1089 4056 usitato
1111 3995 1144 4054 et
1166 3987 1275 4066 digna,
1298 3985 1332 4050 in

186 4111 269 4174 quoe
291 4095 430 4159 animum
454 4095 668 4161 intendamus.

291 4198 319 4274 1)
342 4194 460 4262 Seusu
482 4220 551 4262 vere
574 4198 665 4263 loculi
685 4194 754 4282 αρό
777 4200 808 4264 iu
833 4199 975 4265 Politicis
992 4215 1057 4262 non
1073 4194 1260 4276 usurpatur,
1276 4189 1333 4254 sed

184 4297 226 4364 od
248 4298 382 4366 localem
409 4319 501 4366 usum
524 4300 691 4366 referenda
713 4309 762 4368 est
783 4302 903 4368 locutio
925 4296 994 4382 αρὸ
1018 4292 1114 4370 ὁδοῦ,
1149 4313 1235 4380 quae
1256 4292 1336 4372 legi·
