3318 5144
1228 357 1266 419 51

187 549 329 627 -Quid
358 553 442 616 inter
469 546 526 611 διά
559 568 583 614 ο.
607 552 681 614 Αοο.
705 554 738 613 et
761 545 818 611 διά
842 568 868 614 ο.
893 548 997 615 Genii.
1022 549 1081 613 hoe
1104 569 1199 615 sensu
1223 569 1313 615 usur-

185 657 259 734 pata
280 654 455 719 intercedat
477 654 675 734 discriminis,
694 673 722 718 v.
747 652 879 716 Ksihner
901 651 918 734 ἓ
940 653 1013 733 434,
1037 651 1070 715 II
1085 652 1144 718 sub
1161 651 1312 718 Anmerk.

185 762 218 821 et
237 755 444 822 Politicorum
465 758 567 821 locum
595 757 669 831 253,
692 777 733 820 ια
757 757 813 815 καί
836 751 901 817 διά
924 751 1071 838 ταυ’της
1093 752 1162 837 τῆς
1186 751 1314 837 ἡγεμο-

185 863 271 931 νίας
304 855 372 919 διά
405 858 477 943 την
504 859 605 922 κατά
629 856 841 921 θάλατταν
865 857 1041 938 δύναμιν
1063 854 1129 940 τὴν
1152 855 1313 941 δημοκρα-

184 965 264 1024 τίαν
286 963 510 1047 ἰσχυροτέραν
533 961 699 1047 ἐποίησεν.

283 1068 316 1141 4)
338 1065 462 1131 Finali
484 1068 533 1146 vi,
558 1070 594 1130 ut
616 1086 726 1148 quem
748 1067 793 1131 ad
814 1066 943 1142 finem,
959 1085 1031 1147 quo
1048 1065 1209 1131 consilio
1226 1066 1314 1147 quid

184 1169 252 1235 fiat
274 1168 440 1252 significet,
464 1165 521 1230 διά
545 1189 571 1234 ο.
595 1171 669 1235 Αοο.
694 1174 865 1250 usurpatur
887 1171 919 1235 in
942 1169 1005 1234 his:
1030 1171 1061 1250 2,
1084 1191 1126 1232 αι
1150 1165 1314 1252 (συνδυά-

185 1271 318 1356 ζεσθαι)
349 1268 518 1357 ἄρχον-
543 1274 599 1333 καί
629 1269 818 1355 ἀρχόμενον
839 1306 882 1319 ·-
905 1267 970 1334 διά
999 1267 1072 1353 την
1100 1274 1314 1356 σωτηρίαν,

184 1377 288 1458 paullo
318 1379 393 1442 ante
419 1375 478 1458 τῆς
501 1377 655 1457 γενέσεως
677 1376 805 1450 ἕνοκενς
830 1376 880 1456 15,
904 1398 946 1440 αι
970 1374 1120 1460 (οἰητέον
1141 1411 1185 1421 -
1206 1410 1248 1420 -
1270 1375 1314 1440 τοὶ

183 1474 269 1540 ἄλλα
298 1477 365 1564 ζῷα
393 1477 463 1540 τῶν
493 1473 690 1564 ἀνθρώπων
719 1473 820 1562 χάριν
852 1469 956 1561 εἶναι)
979 1477 1024 1540 τά
1046 1480 1109 1558 μὲν
1130 1473 1236 1562 ἥμερα
1258 1481 1314 1538 καί

183 1576 249 1642 διά
281 1580 355 1663 την
388 1586 529 1666 χρῆσιν
562 1585 617 1642 καί
647 1577 713 1644 διά
742 1580 816 1664 τη“ν
845 1579 1017 1665 τροφήν,·
1046 1583 1117 1662 165,
1141 1602 1182 1646 m:
1206 1577 1316 1643 αὑτοῦ

183 1680 284 1768 χάριν
314 1681 333 1766 ἢ
364 1682 474 1768 φίλων
501 1681 520 1767 ἢ
551 1682 600 1747 δι’
627 1679 773 1768 άρετήν
796 1681 1008 1768 (πράττειν).
1043 1677 1060 1744 ὁ
1086 1680 1121 1745 δὲ
1145 1720 1183 1728 -
1207 1681 1313 1746 τοῦτο

182 1784 348 1870 πράττων
374 1823 410 1832 -
436 1785 484 1851 δι’
507 1783 652 1860 ἄλλους
675 1784 834 1849 δουλικὸν
856 1783 901 1849 άν
925 1783 1031 1859 δόξειε
1052 1781 1229 1870 πράττειν.
1263 1786 1315 1850 Fi-

185 1891 287 1956 nalem
310 1893 342 1956 in
366 1890 416 1956 his
438 1892 539 1958 inesse
562 1911 689 1958 sensum
712 1887 768 1952 διά
792 1891 1029 1973 praepositioni,
1052 1909 1091 1954 ex
1114 1908 1151 1954 eo
1172 1896 1315 1972 apparet,

185 1995 270 2074 quod
299 1996 382 2060 idem
405 1995 489 2060 valet
511 2001 609 2077 atque
631 1996 741 2057 έναιεν
763 1999 795 2059 et
817 1991 927 2078 χάριν,
961 2012 1042 2075 quae
1064 1993 1152 2058 finali
1173 1995 1204 2059 vi
1226 2011 1316 2057 usur·

185 2099 254 2180 pari
276 2098 360 2162 inter
383 2115 492 2164 omnes
515 2102 639 2165 constat
662 2097 724 2181 (cfr
747 2098 875 2162 Eucken
898 2117 928 2178 p.
954 2094 1018 2179 19).

537 2374 574 2438 b.
617 2375 669 2437 In
690 2373 799 2439 Aen.
821 2373 963 2439 Polit.

463 2546 505 2608 64
527 2545 604 2610 lucis
628 2544 804 2610 invenimus
828 2540 885 2605 διά
909 2562 934 2608 ο.
959 2543 1039 2619 Ace,

289 2717 393 2782 Etiam
416 2718 448 2782 in
472 2717 546 2782 Ath.
570 2716 662 2780 Polit.
687 2713 744 2776 διά
767 2718 866 2781 multo
890 2718 1015 2798 saepius
1039 2735 1108 2780 cum
1126 2717 1315 2781 Accusative

187 2839 280 2902 quum
304 2838 374 2884 cum
398 2818 504 2884 Genii.
528 2819 739 2900 coniungitur,
762 2820 817 2884 sed
840 2818 1012 2884 localium
1035 2819 1202 2899 temporali
1221 2838 1316 2884 seusu

186 2942 341 3004 nusquam
375 2929 562 3003 usurpatum
599 2927 657 2986 est.
704 2921 740 2986 In
774 2921 893 2986 causali
926 2940 986 2986 usu
1020 2922 1147 2987 easdem
1181 2923 1316 3003 quasin

185 3026 326 3092 Politicis
349 3027 526 3092 invenimus
548 3027 728 3090 varietates

291 3132 319 3210 1)
345 3131 397 3194 De
420 3129 531 3193 c'ausa
554 3131 705 3194 interna
727 3128 783 3192 vel
806 3130 956 3193 ratione
979 3130 1114 3210 positum
1138 3136 1187 3194 est
1209 3125 1266 3190 διά
1290 3147 1315 3193 c.

186 3235 258 3299 Ace.
283 3237 314 3299 iu
339 3234 403 3298 his:
426 3233 456 3312 8,
480 3255 521 3297 in:
543 3225 632 3315 δρῶν
649 3267 687 3277 -
706 3271 744 3278 -
762 3229 834 3292 τοῖν
855 3227 1009 3292 αολιτοῖν
1030 3230 1140 3303 ένίους
1163 3227 1317 3314 διάζτὴν

185 3334 396 3420 ῥαθυμίαν
430 3330 664 3418 [άχαα]αῑντας
697 3334 737 3397 τδ
773 3328 988 3413 αδτόματον;
1023 3337 1072 3414 13,
1096 3357 1137 3400 1³:
1167 3332 1251 3398 ἔνιοι
1280 3336 1317 3398 δὲ

186 3436 254 3502 διά
278 3436 378 3526 [τήν]
401 3434 485 3522 πρὸς
503 3433 668 3520 ἀλλήλους
685 3436 920 3523 φιλονικίαν
936 3434 1317 3524 (δυσχεραίνοντος),·

189 3547 238 3626 13,
261 3568 302 3609 m:
332 3541 643 3629 αροσεκεκόσμηντο
673 3539 709 3604 δὲ
738 3536 937 3614 τούτοις-
961 3577 1000 3586 -
1024 3536 1057 3602 οἱ
1086 3541 1133 3626 τῷ
1163 3543 1248 3621 χένει
1270 3537 1316 3623 μὴ

186 3649 334 3732 καθαροί
356 3643 423 3708 διὰ
446 3645 516 3708 τδν
540 3644 674 3731 φόβον.

290 3751 324 3831 2)
347 3752 401 3816 De
424 3771 536 3818 causa
551 3757 708 3819 externa
723 3754 771 3819 his
786 3753 877 3820 locis:
896 3757 946 3834 lu,
963 3777 988 3816 2:
1006 3751 1204 3830 συνέβαινον
1226 3783 1259 3794 -
1276 3783 1314 3794 -

188 3852 377 3940 διαφόρους
405 3857 601 3938 γεγενῆσθαι
630 3854 776 3929 αολλοδς
799 3853 864 3919 διά
888 3855 958 3929 τάς
980 3856 1059 3918 ταῖν
1081 3854 1204 3938 χρεῶν
1226 3847 1317 3914 άτο·

187 3956 309 4033 ιιοαάςς
334 3961 382 4040 12,
406 3982 448 4025 25:
471 3957 668 4040 ἀποδημίαν
690 3954 874 4041 ἐποιήσατο
902 3955 966 4021 διά
994 3953 1144 4029 τούτοις
1171 3961 1241 4028 τοὶς
1263 3955 1317 4016 αἰ-

188 4063 288 4136 τίας,
312 4081 381 4128 eum
405 4063 515 4127 eodem
537 4062 691 4128 vocabulo
716 4065 765 4142 12,
789 4084 831 4143 m;
854 4065 905 4143 20,
930 4084 972 4142 113
995 4063 1046 4142 22,
1075 4081 1116 4140 2⁵;
1140 4061 1191 4139 25,
1214 4080 1256 4134 2⁵3
1278 4095 1314 4104 -

190 4169 240 4246 12,
265 4187 306 4230 nu:
341 4163 382 4228 ου’
416 4166 626 4248 κατέστησαν
659 4160 813 4250 ἄρχοντα
846 4162 910 4230 διά
934 4161 1010 4249 τήν
1033 4159 1193 4240 στάσιν,·
1219 4166 1266 4244 17,
1290 4187 1316 4228 a:

190 4263 307 4350 ἡσθείς
330 4264 395 4331 διά
419 4266 491 4352 την
513 4273 740 4354 παρρησίαν
768 4271 828 4350 (usn
849 4267 906 4330 ἰαί
929 4289 997 4335 nuni
1022 4268 1124 4334 verbis
1147 4267 1316 4334 affectuum
