3318 5144
357 412 377 474 6

314 624 340 670 c.
364 605 470 670 Ablat.
493 609 526 669 et
547 624 679 687 graecae
710 597 779 664 δπδ
807 623 833 668 e.
865 601 969 667 Genit.
998 618 1152 682 personae
1181 599 1284 663 verbis
1311 598 1443 678 passivis

313 710 491 775 adiunctae.
536 709 595 786 Qui
630 728 705 774 usus
740 702 808 771 δπό
842 705 1086 788 praepositionis
1120 706 1146 768 si
1174 709 1238 768 tarn
1267 719 1358 766 rarus
1385 707 1443 780 ost,

314 817 350 877 ut
383 813 413 876 in
449 813 573 893 seriptis
604 830 677 877 vere
707 810 919 875 Aristoteliois
942 826 1005 873 uno
1029 807 1088 872 hoo
1111 807 1181 871 loeo
1205 810 1368 886 appareat,
1392 821 1443 866 ve·

315 913 501 979 risirnillirne
534 915 686 979 statuitur
718 914 841 978 scribae
875 930 983 976 erroro
1012 904 1080 974 ιῖπό
1110 929 1168 990 pro
1196 901 1264 968 ὑπό
1292 908 1444 988 scriptum

315 1037 396 1096 esse,
420 1023 453 1081 et
469 1016 528 1081 hoo
550 1018 661 1082 vitiurn
684 1036 723 1080 ex
746 1034 808 1080 uno
825 1015 931 1080 codice
947 1016 978 1078 in
994 1015 1129 1079 alterurn
1145 1012 1319 1092 irrepsisse.
1342 1009 1444 1073 Velirn

313 1120 409 1201 igitur
431 1119 491 1184 hoo
513 1120 582 1185 looo
607 1113 677 1180 δπό
701 1120 815 1199 legere,
850 1123 886 1181 ut
919 1119 951 1181 in
974 1117 1112 1181 editione
1136 1115 1239 1180 altera
1261 1114 1339 1194 legit
1362 1113 1444 1176 Bel<-

313 1221 381 1286 ker.
426 1220 480 1286 Cir
513 1241 595 1302 quae
628 1223 776 1304 leguntur
809 1221 859 1299 69,
895 1241 935 1284 10:
973 1219 1009 1279 έν
1043 1217 1104 1302 γᾴρ
1138 1210 1205 1301 ὑφ’
1228 1212 1315 1290 ἑνὸς
1348 1212 1445 1299 ἔργον

315 1319 427 1405 ἄριστ’
450 1319 719 1389 ἀποτελεῖται.

666 1515 703 1578 b.
747 1514 798 1576 In
819 1511 1092 1577 Anopolis.

688 1668 729 1731 32
752 1666 830 1730 loeis
853 1666 968 1746 legitur
993 1657 1073 1726 οἷπό.

420 1803 450 1884 1)
475 1803 669 1885 significatio
704 1803 946 1884 praepositionis
977 1802 1131 1880 primario
1155 1801 1262 1866 localis
1297 1802 1337 1879 (v.
1362 1819 1391 1880 p.
1418 1801 1446 1876 l)

315 1908 374 1971 hoo
403 1913 535 1988 apparet
561 1908 649 1971 loco:
674 1907 725 1984 45,
746 1927 774 1969 e:
801 1902 888 1985 μετὰ
911 1902 984 1986 την
1007 1899 1085 1964 α’πδ
1113 1899 1239 1985 Φυλῆς
1260 1897 1446 1962 κάθοδον.

315 2010 434 2074 Eadern
458 2009 504 2073 vis
522 2009 750 2089 praepositioni
772 2009 876 2072 inesse
900 2007 1025 2071 videtur
1047 2008 1142 2070 etiarn
1166 2005 1215 2070 his
1237 2005 1329 2069 locis:
1354 2006 1405 2082 41,
1420 2025 1446 2066 1:

314 2109 579 2192 καταλαβόντων
612 2109 692 2172 τοῖν
727 2104 805 2171 δπδ
843 2106 970 2190 Φυλῆς
1004 2105 1070 2190 την
1093 2109 1308 2186 Μουνιχίαν,·
1330 2109 1381 2187 41,
1406 2128 1447 2170 rr:

316 2211 528 2288 ἐσπούδαζον
560 2213 605 2296 γιη
640 2211 819 2274 κατελθεῖν
852 2211 946 2284 τούς
980 2209 1058 2273 δπδ
1085 2208 1230 2292 4)υλῆς,·
1252 2213 1303 2290 50,
1327 2228 1354 2272 ιε
1378 2213 1449 2270 Λν-

318 2321 459 2399 σλγιαχος
492 2355 528 2363 -
554 2353 594 2364 -
621 2315 820 2398 ἐπωνυμίαν
853 2313 948 2396 ἔσχεν
982 2313 999 2378 δ
1034 2309 1110 2377 οἷπδ
1146 2315 1216 2376 τοῦ
1250 2311 1448 2388 τυπάνου,
1524 2320 1527 2325 ’

318 2422 467 2505 quoniarn
501 2421 660 2502 prioribus
683 2422 806 2486 duobus
830 2421 906 2486 locis
930 2441 984 2486 eos
1005 2420 1149 2501 intellegi
1171 2419 1238 2484 vult
1261 2426 1372 2483 auctor
1394 2421 1449 2499 qui

316 2546 333 2589 e
355 2525 462 2606 Phyle,
487 2524 572 2606 quod
594 2525 761 2590 castellum
784 2531 1024 2606 occupaverant,
1042 2523 1246 2588 excursiones
1262 2523 1294 2586 in
1310 2523 1447 2587 Atticam

314 2629 483 2702 faciebant,
518 2627 578 2691 hoc
622 2634 728 2693 autern
762 2628 939 2708 posteriore
973 2627 1049 2691 dicit
1079 2626 1150 2690 ideo
1184 2617 1448 2708 Lysimachumri

318 2726 387 2793 δπδ
411 2733 472 2792 τοῦ
496 2727 654 2822 τυπάνου
689 2749 758 2795 esse
782 2731 989 2809 nominatum,
1023 2728 1108 2811 quod
1132 2749 1151 2792 a
1173 2724 1327 2811 τυπάνῳ,
1365 2729 1449 2809 quod

316 2835 501 2914 vocabatur,
529 2834 684 2913 sublatus,
707 2833 748 2897 ad
771 2833 1138 2897 libertatem‘rerooatus
1162 2838 1239 2895 erat.
1287 2830 1378 2896 Unus
1402 2848 1449 2892 re·

316 2942 380 3004 stat
403 2937 500 3015 loeus,
536 2937 590 3000 ubi
613 2931 683 2997 α’πό
707 2934 798 3000 locali
823 2937 852 3000 vi
875 2936 1011 3016 positum
1035 2939 1099 2999 est:
1137 2933 1185 3008 19,
1210 2957 1251 2998 ra:
1275 2929 1450 3014 α’ποστή-

317 3055 386 3113 σας
419 3033 497 3100 υἷπδ
528 3040 608 3100 τῶν
630 3033 765 3100 ὅπλων
787 3037 868 3109 τούς
890 3034 1142 3115 πομπεύοντας,
1167 3055 1302 3117 quocum
1327 3055 1450 3116 compa·

316 3143 380 3217 rari
413 3147 546 3223 possunt
579 3161 661 3223 quae
694 3143 745 3221 26,
771 3165 796 3205 ιο
833 3141 968 3222 figurate
1003 3141 1087 3204 dicta
1121 3145 1209 3204 sunt:
1240 3136 1296 3199 έπλ
1324 3135 1360 3200 δὲ
1386 3135 1451 3219 τὴν

316 3242 551 3307 α’πόστασιν
575 3281 613 3290 -
638 3281 678 3290 -
702 3275 743 3292 -ι-
769 3240 849 3306 α’πδ
873 3244 942 3324 τῆς
964 3242 1036 3304 τῶν
1058 3238 1340 3325 Λακεδαιμονίων
1364 3257 1451 3320 συμ-

317 3351 468 3428 μαχίας
490 3342 693 3430 Ἀριστείδης
717 3340 757 3428 ἦν
780 3340 798 3408 ὁ
823 3347 1031 3430 προτρέψας.

420 3452 452 3531 2)
478 3451 597 3515 Eodem
621 3469 684 3532 quo
708 3452 740 3516 in
763 3451 905 3516 Politiois
929 3449 1092 3529 temporali
1114 3469 1209 3512 sensa
1233 3445 1303 3510 α’πδ
1328 3451 1359 3513 in
1377 3449 1450 3514 Ath.

293 3555 412 3620 'Polit
435 3557 574 3636 positurn
598 3560 646 3620 est
669 3555 718 3620 his
741 3556 831 3620 locis:
856 3557 906 3634 10,
930 3578 956 3618 s:
993 3549 1188 3614 α’θλοθέται
1212 3551 1241 3616 δ’
1264 3551 1301 3614 έν
1323 3571 1452 3635 πρυτα-

318 3660 394 3741 νείῳ
430 3655 609 3718 δειπνοῦσι
644 3656 707 3719 τδν
738 3651 1045 3744 Ἑκ[ατο]γιδαιῶνα
1078 3659 1180 3740 μηνα,
1207 3690 1249 3702 -
1272 3692 1314 3701 -
1337 3651 1453 3737 α’ρξυὶ-

315 3781 429 3838 μενοι
463 3756 543 3823 οἲπδ
578 3759 647 3842 τῆς
680 3757 874 3842 τετράδος
908 3756 1108 3840 ἱσταμένου,·
1141 3762 1193 3838 45,
1225 3782 1255 3823 n:
1294 3754 1454 3840 ἑνδεκάτη

318 3860 348 3923 δ’
383 3863 438 3946 (se.
462 3859 681 3946 κατάστασις)
717 3860 737 3945 ἡ
769 3859 854 3941 μετὰ
880 3864 945 3947 τήν
971 3905 1002 3911 -
1031 3860 1194 3937 κάθοδον,
1218 3859 1285 3943 ἀφ’
1308 3855 1350 3943 ἧς
1373 3858 1455 3921 δια-

318 3967 521 4048 γεγένηται
554 3969 651 4050 μέχρι
681 3967 742 4050 τῆς
772 3969 856 4043 νδνς
892 3972 940 4047 17,
964 3991 1009 4032 aa:
1032 3971 1279 4048 Πεισίστρατος
1301 3960 1456 4028 α’πέθανε

318 4107 355 4115 -
372 4106 422 4150 -,
446 4068 514 4154 αφ’
537 4063 585 4133 οδ.
606 4072 669 4150 μὲν
690 4073 865 4155 κατέστη
888 4069 1087 4152 τύραννος
1109 4067 1166 4150 έτη
1189 4067 1375 4151 τριάκοντα
1399 4072 1454 4130 καλ

321 4176 400 4255 τρία
423 4170 569 4254 βιώσαςς
590 4175 644 4255 53,
668 4196 712 4238 ro:
735 4171 830 4246 έντδς
853 4173 879 4255 γ’
907 4168 1053 4260 ἡμέραν
1076 4168 1157 4258 ἀφ’]
1184 4164 1223 4254 ἧς
1246 4168 1363 4233 ἔδωκε
1386 4172 1456 4248 τὰς

317 4272 515 4352 εδθυνας,
550 4296 684 4364 quocum
718 4278 765 4341 olr
799 4279 849 4357 42,
873 4303 910 4342 as.
937 4314 970 4324 -
999 4276 1086 4340 Cum
1117 4274 1306 4341 Genitiris
1329 4296 1455 4357 perso·
