3318 5144
382 356 426 424 44

444 551 555 634 Neque
590 554 718 634 saepius
751 555 783 618 in
813 555 887 620 Ath.
917 555 1011 620 Polit.
1041 556 1208 622 invenitur.
1254 556 1359 622 Unum
1388 558 1471 623 enim

340 655 484 736 proferre
515 675 682 738 possumus
704 657 818 739 locum,
841 659 897 723 ubi
919 659 1098 725 nominibus
1121 660 1336 727 numeralibus
1359 661 1473 725 adiun-

342 763 438 839 ctum,
463 759 696 826 distributivam
718 763 781 826 vim
805 763 854 827 his
877 763 1038 828 attribuit:
1061 763 1113 839 28,
1126 785 1169 828 ιιι
1193 763 1258 824 αἰεὶ
1274 765 1472 844 συνέβαινεν

342 860 413 925 τῶν
436 860 598 936 ἐξιόντων
621 857 696 927 δνσὶ
720 862 942 946 δισχιλίους
957 863 976 949 ἢ
992 864 1236 952 τρισχιλίους
1251 863 1473 929 ἀπόλλυσθαι

341 965 448 1042 (huius
471 985 546 1032 usus
570 968 714 1050 exempla
736 968 929 1035 Aristotelea
950 988 979 1035 v.
1003 969 1132 1036 Euokeu
1156 989 1186 1052 p.
1209 969 1275 1048 31).

385 1355 449 1444 IV.
502 1356 802 1468 Praepositioues
830 1384 916 1444 oum
942 1359 1116 1446 Gouitivo
1144 1369 1181 1446 et
1208 1357 1433 1446 Aoousativo

790 1498 1022 1582 oouiuuotae.

831 1734 864 1802 1.
920 1721 989 1802 διοῖ.

600 1978 602 1985 .
717 1912 759 1982 Α.
783 1913 890 2001 ‚tium
914 1913 1093 1984 (ienitivo.

701 2104 736 2155 a.
779 2091 832 2154 1n
864 2088 1102 2155 Polittois.

692 2278 694 2282 ·
716 2260 757 2326 96
779 2261 858 2327 locis
880 2261 1019 2342 positum
1042 2266 1099 2326 est.

445 2416 477 2498 1)
502 2415 604 2482 Seosu
632 2438 701 2482 vere
730 2417 828 2492 loculi,
858 2436 920 2499 quo
943 2418 1064 2482 locum
1087 2418 1253 2500 significat,
1276 2437 1343 2500 per
1365 2437 1473 2501 quem

340 2519 429 2601 quid
460 2524 643 2600 movetur,
675 2516 733 2582 διοί
761 2540 787 2586 c.
810 2519 914 2586 Geuit.
938 2541 1094 2603 nusquam
1119 2528 1305 2604 usurpatum
1327 2522 1474 2605 legimus.

342 2622 404 2688 Sed
433 2623 474 2688 ad
504 2624 586 2689 hanc
616 2623 877 2706 significationem
908 2625 1051 2706 proxime
1075 2626 1195 2691 aceedit
1217 2625 1354 2707 figurato
1378 2645 1473 2691 sensu

340 2726 478 2808 positum
502 2727 534 2791 in
553 2727 620 2793 his:
651 2729 703 2803 69,
727 2750 767 2792 ro:
792 2723 858 2788 διὰ
879 2725 1046 2790 πάντων
1068 2764 1109 2773 -
1132 2763 1173 2773 --
1197 2723 1408 2810 διελήλυθε
1431 2727 1472 2791 ro*

341 2823 458 2912 ἄρχειν
479 2831 535 2890 κοιλ
558 2830 599 2893 τδ
622 2824 800 2913 ἄρχεσθαι,
825 2832 969 2897 similiter
991 2832 1064 2910 213,
1088 2857 1115 2895 rr
1138 2839 1170 2898 et
1192 2833 1264 2914 221,
1281 2854 1323 2896 aa:
1346 2831 1406 2903 ἕως
1428 2827 1474 2895 ἄν

342 2929 480 3015 διέλθῃ
515 2927 581 2994 διδ
613 2929 779 2997 πάντων
812 2931 893 2996 τοῖν
926 2931 1112 2998 πολιτῶν.
1142 2972 1182 2981 -
1211 2935 1260 2999 Ad
1294 2954 1364 3000 eum
1397 2954 1473 3001 vero

341 3054 441 3116 usum,
465 3054 528 3117 quo
558 3030 615 3096 διοί
645 3055 671 3102 e.
701 3035 804 3103 Gonit.
826 3037 949 3102 locum
972 3037 1138 3118 significat,
1161 3057 1226 3119 per
1253 3057 1360 3122 quem
1383 3039 1474 3121 quid

341 3139 551 3221 porrigitur
572 3140 631 3204 vel
654 3142 834 3221 pertinet,
858 3139 1024 3205 referenda
1046 3140 1174 3206 videtur
1195 3140 1312 3206 locutio
1333 3136 1398 3205 διδ
1413 3142 1475 3220 μέ-

343 3256 426 3317 σον,
457 3260 538 3323 quae
567 3243 683 3325 legitur
712 3243 785 3323 206,
809 3265 836 3307 ιι
868 3237 956 3304 ὅπου
985 3241 1046 3326 γὰρ
1069 3237 1157 3304 ιιολδ
1176 3241 1224 3306 eo*
1249 3239 1315 3305 διὰ
1336 3245 1473 3323 μέσον,

341 3345 397 3410 ubi
419 3362 473 3411 eos
497 3344 654 3427 signifieat
676 3348 731 3427 qui
756 3348 807 3431 „in
829 3345 956 3411 medio“
981 3351 1064 3428 sunt,
1089 3348 1226 3412 medium
1243 3348 1400 3429 quendam
1416 3348 1474 3412 ho-

341 3451 461 3515 minum
495 3449 637 3515 ordinem
670 3449 729 3531 (eir
759 3449 888 3515 Euokeu
919 3469 949 3532 p.
980 3450 1045 3532 37).
1090 3450 1139 3515 Ab
1168 3452 1281 3516 eodem
1301 3470 1362 3516 usu
1385 3453 1473 3534 origo

342 3553 486 3618 ducenda
516 3557 564 3618 est
591 3552 761 3618 locutionis
791 3549 857 3615 oroi
885 3551 1029 3636 χειροῖν
1060 3549 1179 3631 ἔχειν,
1203 3553 1235 3618 in
1258 3554 1404 3620 manibus
1427 3560 1473 3620 te·

341 3676 417 3722 uere
439 3657 459 3720 i.
482 3676 509 3720 e.
532 3662 679 3736 tractare,
703 3656 939 3723 administrare:
960 3657 1033 3736 266,
1046 3679 1089 3722 ιιι
1106 3653 1312 3741 φοβούμενοι
1327 3653 1390 3744 γὰρ
1406 3653 1472 3720 διδ

341 3756 483 3842 χειροῖν
505 3755 637 3838 ἔχουσι
658 3755 789 3839 μᾶλλον
811 3757 1131 3843 τὴνπολιτείαν,
1155 3761 1244 3825 ouius
1266 3759 1384 3826 similes
1400 3769 1475 3826 suut

341 3862 516 3927 locutiones
546 3858 596 3924 δι’
618 3858 752 3925 αὐτῶν
780 3860 902 3943 ἔχεινι
935 3864 1005 3945 198,
1028 3886 1070 3928 rs:
1099 3860 1149 3924 δι’
1171 3856 1305 3925 αὐτῶν
1325 3864 1389 3944 μὲν
1411 3864 1475 3938 τοὶς

342 3960 448 4048 α’ρκᾶς
470 3961 589 4044 ἔχειν,
612 3966 644 4031 in
668 3984 725 4032 sua
747 3971 907 4047 potestate
929 3973 1049 4046 tenere,
1073 3970 1105 4032 et
1127 3955 1235 4028 εἶναι
1258 3961 1326 4028 διιί
1348 3983 1473 4043 τινος,

342 4071 373 4135 in
397 4069 552 4149 manibus,
582 4069 614 4136 iu
642 4073 801 4150 potestate
823 4070 957 4136 alicuius
980 4089 1065 4135 esse:
1088 4069 1161 4149 231,
1185 4088 1225 4132 ιιι
1250 4071 1287 4129 at
1309 4109 1350 4118 -
1372 4066 1474 4156 α’ρχαι

343 4170 409 4235 aret
432 4169 497 4236 δισὶ
519 4173 590 4235 τῶν
612 4166 797 4253 βελτίστων
819 4170 957 4236 ἔσονται
963 4193 974 4247 ‚·
996 4173 1069 4253 269,
1093 4194 1134 4238 ro:
1157 4174 1216 4255 τῆς
1237 4169 1411 4248 πολιτείοις
1431 4209 1475 4224 -
1596 4259 1599 4268 Ι

343 4271 392 4340 δι’
413 4270 558 4358 ὀλίγον
579 4269 709 4362 οὔσης,
733 4279 778 4344 cfr
804 4278 874 4359 101,
897 4297 924 4358 ο;
948 4276 1021 4358 246,
1044 4299 1081 4342 ιι.
