3284 5142
1222 389 1280 452 121

193 589 270 653 torti
304 589 458 653 sermonis
493 587 630 653 colorem
660 589 691 652 in
714 587 920 652 Politicornm
946 585 1098 665 exemplis
1120 585 1326 665 conspicuum

192 709 271 772 esse,
306 710 402 774 quum
435 693 468 756 in
502 691 539 754 Α.
563 691 614 760 Ρ..
632 691 732 772 magis
754 691 795 755 ad
819 707 1016 755 communem
1039 693 1073 751 et
1095 689 1257 769 vulgarem
1281 686 1327 750 di·

193 794 284 859 cendi
308 812 426 859 morem
449 791 587 858 formata
609 794 650 858 sit
673 793 785 858 oratio.

608 1101 656 1192 ὦς
683 1100 734 1202 (V.
764 1128 798 1196 p.
826 1099 905 1202 43).

296 1276 386 1341 Hanc
408 1274 686 1356 praepositionem,
709 1273 740 1339 in
764 1274 890 1355 scriptis
913 1291 986 1336 vere
1011 1271 1209 1338 Aristoteleis
1232 1272 1328 1335 raris-

193 1380 316 1458 simam,
351 1381 382 1444 in
416 1379 454 1443 A.
477 1377 512 1442 P.
547 1394 609 1443 non
644 1377 776 1442 inveniri
811 1377 872 1442 nisi
897 1375 1003 1449 semel,
1028 1375 1327 1439 commemoratione

192 1483 322 1563 dignum
345 1485 404 1546 est.

556 1700 622 1776 ἇνά
650 1699 701 1802 (v.
729 1728 763 1796 p.
791 1706 840 1777 43
869 1699 949 1802 sq.).

297 1875 386 1940 Haec
419 1891 546 1955 quoque
579 1875 786 1956 praepositio,
808 1877 845 1936 ut
867 1875 898 1938 in
924 1871 1070 1938 omnibus
1092 1870 1182 1936 libris
1207 1871 1327 1936 Aristo·

193 1977 295 2057 teleia
318 1979 417 2044 sicin
440 1979 478 2041 Α.
501 1977 537 2041 Ρ.
559 1978 675 2059 legitur
697 1994 780 2042 raro.

727 2283 795 2360 διά.

299 2459 394 2525 011111
417 2458 596 2525 Genitivo
629 2457 672 2540 (v.
695 2476 748 2539 pp.
770 2454 924 2537 44-48).
971 2457 1095 2523 Locaiis
1127 2478 1208 2523 osus
1241 2456 1328 2522 locu-

197 2561 308 2640 tiones,
343 2579 423 2642 quas
459 2582 498 2625 ex
532 2560 568 2624 P.
591 2560 783 2643 protulimus
804 2565 847 2634 (v.
870 2578 899 2639 p.
923 2560 987 2639 44),
1011 2560 1095 2641 apud
1119 2561 1242 2626 Atticos
1265 2576 1327 2622 non

196 2669 390 2744 usurpantur
423 2665 484 2729 nisi
507 2683 580 2728 raro
605 2662 669 2746 [cir
691 2663 772 2727 Lutz
794 2681 824 2743 p.
847 2662 890 2726 66
913 2662 971 2726 sub
994 2662 1040 2745 ὃ),
1063 2662 1194 2728 Kithncr
1216 2660 1233 2742 ἕ
1255 2662 1328 2739 434,

195 2764 211 2826 I
235 2763 294 2828 sub
317 2766 350 2845 3)
375 2765 429 2848 c)].
475 2765 588 2847 Itaque
624 2765 751 2847 dignum
775 2764 902 2830 videtur
923 2769 1006 2845 quod
1030 2766 1329 2841 animadvertamus,

196 2865 387 2933 locutionem
411 2858 500 2930 εἶναι
524 2864 581 2930 διά
604 2887 699 2940 τινος
722 2873 754 2933 ct
776 2869 808 2933 in
831 2867 865 2931 Ρ.
889 2869 972 2933 etin
997 2870 1034 2932 Α.
1057 2866 1092 2932 Ρ.
1115 2869 1258 2948 reperiri.

299 2969 493 3053 Temporalis
525 2992 606 3036 usus
639 2973 670 3036 in
705 2970 739 3034 P.
772 2972 866 3053 plane
899 2970 940 3035 ad
974 2988 1170 3037 communem
1205 2970 1331 3036 dicendi

195 3091 286 3137 usum
320 3075 578 3140 accommodatus
612 3081 668 3139 est.
715 3074 805 3151 Quod
834 3073 917 3140 idom
941 3077 1037 3140 eiiam
1061 3077 1092 3140 in
1115 3075 1153 3139 Α.
1176 3074 1210 3136 Ρ.
1236 3073 1332 3153 valet,

195 3183 327 3258 excepto
363 3177 449 3258 quod
472 3178 513 3241 ad
536 3177 778 3259 significandum
801 3179 954 3259 temporis
976 3179 1124 3261 spatium,
1148 3195 1211 3258 quo
1234 3178 1330 3241 inter·-

194 3281 276 3344 iecto
310 3281 386 3361 quid
409 3283 524 3359 evenit,
560 3277 616 3345 διά
648 3301 674 3346 c.
699 3281 773 3346 Acc.
796 3301 858 3347 non
882 3287 931 3346 est
953 3286 1151 3363 usurpatum.
1198 3280 1331 3345 Locutio

195 3379 250 3445 διά
273 3383 348 3462 βίου
372 3384 458 3466 apud
481 3385 520 3449 Α.
544 3386 753 3451 usitatissima
776 3387 818 3464 (v.
842 3385 973 3451 Eucken
996 3406 1027 3467 p.
1051 3387 1113 3464 37).

298 3487 345 3552 De
370 3486 520 3554 translati
541 3509 621 3553 usus
645 3488 855 3554 varietatibus
878 3487 939 3553 hoc
962 3508 1060 3554 unum
1084 3507 1333 3554 commemoran-

194 3589 280 3669 dum,
304 3591 464 3655 causalem
485 3587 543 3653 διά
560 3591 805 3672 praepositionis
821 3609 892 3655 cum
907 3590 1011 3657 Genii.
1029 3592 1214 3657 coniunctae
1231 3608 1332 3669 usum,

194 3693 248 3772 qui
284 3693 468 3758 Aristotelis
502 3701 551 3759 ost
585 3695 744 3777 propriae,
768 3697 800 3760 in
834 3695 873 3759 A.
896 3694 931 3760 Ρ.
954 3703 1062 3760 autern
1086 3695 1184 3772 deest,
1208 3712 1227 3757 a
1250 3712 1334 3758 com-

193 3794 282 3858 muni
306 3795 485 3862 Atticorum
508 3796 634 3863 dicendi
657 3815 772 3879 genere
795 3798 934 3864 alienum
957 3817 1038 3864 osse.

296 3899 393 3964 Oum
416 3902 654 3968 Accusativo
671 3905 714 3979 (v.
726 3920 778 3983 pp.
794 3901 948 3984 48-52).
971 3902 1075 3967 Huius
1091 3901 1335 3983 praepositionis

193 4001 225 4065 in
249 3999 284 4064 P.
307 4009 341 4068 et
362 4001 394 4066 in
420 4005 457 4068 Α.
474 4003 509 4067 Ρ.
525 4025 602 4072 usus
626 4003 753 4070 easdem
774 4005 903 4070 exhibet
924 4007 1104 4084 varietates,
1120 4023 1199 4084 quas
1215 4023 1254 4068 ex
1270 4006 1337 4070 vul·

192 4101 263 4182 gari
296 4121 444 4170 sermone
478 4110 623 4188 cognitas
653 4107 816 4186 habemus,
841 4108 920 4174 nihil
942 4107 1028 4190 quod
1053 4106 1234 4172 Aristotelis
1258 4125 1335 4188 prae

195 4204 311 4270 Atticis
334 4209 544 4289 scriptoribus
566 4213 608 4277 sit
630 4213 802 4293 proprium.
848 4210 886 4274 lo
910 4231 1007 4278 unum
1031 4209 1183 4276 hocloco
1207 4227 1336 4276 monen-

195 4308 282 4390 dum,
319 4328 389 4375 cum
425 4315 544 4378 causali
576 4315 775 4380 coniunctam
799 4313 927 4380 finalem
950 4311 1223 4396 significationem,
1248 4314 1337 4379 cuius

1201 4439 1234 4492 16
