3284 5142
345 391 406 456 116

300 587 474 654 scribemus
497 588 571 654 hos:
606 589 637 667 5,
659 610 703 652 ao:
736 589 859 678 συνέβη
892 606 939 670 τῳ
973 583 1104 648 Σόλωνι
1134 622 1177 632 -
1202 602 1438 670 παραστρα-

301 688 521 772 τηγηθῆναι
553 684 631 753 ὑπὸ
665 690 746 752 τοῖν
782 688 927 774 mitem·
960 692 1068 770 30‚12:
1103 685 1338 774 κρινόμενος
1359 687 1438 753 ὑπό

301 812 423 856 τινων
446 789 503 856 διὰ
526 793 566 855 τό
590 791 778 872 ἀποβαλεῖν
800 787 939 866 Πο’λον;Ι
963 794 1013 872 36,
1038 815 1066 857 a:
1090 787 1124 853 οἱ
1147 786 1223 854 ὑπὸ
1247 791 1329 855 τοῖν
1350 814 1439 855 ιιεν-

301 893 567 976 ταχισχιλίων
589 891 842 980 αἱρεθέντεςς
864 896 916 977 58,
939 920 983 960 aa:
1007 891 1069 958 ἐάν
1090 914 1143 968 τις
1166 890 1337 979 ἀδικηθῇ
1359 889 1437 958 nuo

302 1001 372 1061 τοῦ
397 996 620 1082 διαιτητοῦ.
1472 987 1477 996 ’

406 1102 541 1170 Verbis
563 1104 821 1170 intransitivis
844 1102 956 1168 eodem
972 1121 1068 1168 sensu
1084 1103 1266 1170 adiunctum
1282 1108 1332 1171 est
1349 1104 1397 1184 14,
1411 1125 1438 1168 2:

304 1198 403 1299 [ὦ]πὸ
439 1210 518 1268 τῶν
552 1203 889 1270 ἀντιστασιωτῶν
910 1203 1024 1267 ταῦτα
1046 1201 1248 1282 πεπονθώς,
1280 1207 1328 1287 19,
1353 1200 1438 1271 nami

302 1311 365 1388 μὲν
397 1305 573 1392 Ἁρμόδιος
597 1345 636 1356 -
660 1306 919 1390 ἐτελεύτησεν
952 1301 1028 1370 ὑπὸ
1061 1307 1140 1370 τοῖν
1162 1305 1440 1394 δορ[ο]φο’ρων;

304 1414 395 1487 20‚a:
413 1410 448 1477 ἐν
463 1409 598 1486 τούτοις
620 1409 668 1475 ὤν
691 1410 874 1486 ἐξέπεσεν
898 1408 972 1473 ὑπὸ
998 1409 1256 1491 Κλεομένους,
1278 1413 1329 1487 37,
1346 1434 1374 1476 a:
1397 1408 1439 1474 ου’

304 1511 588 1600 σνναρεσιιόμενοι
610 1524 696 1588 τοῖς
719 1508 795 1577 ὑπὸ
820 1516 1185 1597 τῶντετροικοσίιον
1202 1516 1438 1595 γινομένοις.

408 1618 667 1686 substantivis
690 1618 910 1685 verbalibus
932 1613 999 1679 ὑπό
1024 1637 1049 1684 ο.
1065 1616 1161 1684 Genit
1176 1620 1360 1684 adiunctum
1376 1635 1440 1683 non

304 1723 474 1789 invenitur.

408 1823 442 1908 2)
477 1827 597 1892 Eodem
630 1844 693 1910 quo
729 1827 761 1892 in
795 1825 936 1892 Politiois
970 1844 1064 1892 sensu
1097 1823 1285 1892 Genitivis
1319 1844 1441 1891 rerum

305 1932 528 2012 praeposita
550 1926 617 1992 ὑπό
637 1921 834 2013 'praepositio
858 1948 1015 2011 nusquam
1039 1930 1164 2012 legitur.

409 2035 440 2115 3)
465 2033 619 2100 Gausaii
652 2053 779 2115 sensu,
813 2040 944 2115 utque
978 2050 1167 2115 excausa,
1202 2032 1441 2115 quamobrem

306 2137 395 2219 quid
418 2137 490 2202 fiat
512 2137 676 2220 significet,
700 2138 796 2203 semei
820 2141 1010 2219 usurpatur:
1035 2138 1091 2201 19:
1115 2159 1158 2201 ao:
1188 2129 1264 2198 aaa
1289 2134 1358 2218 τῆς
1381 2130 1442 2219 ὄρ-

306 2241 370 2322 γῆς
392 2234 431 2302 οὐ
455 2236 763 2324 κατεῖχονζὲοιντόν.

701 2529 743 2596 Β.
788 2527 875 2598 Gom
896 2530 1045 2598 liativo.

411 2707 452 2771 In
475 2704 652 2770 Politiois
674 2705 752 2770 haee
774 2705 967 2787 praepositio
985 2722 1139 2786 nusquam
1155 2703 1281 2783 legitur.
1305 2702 1442 2768 Omnino

307 2811 391 2892 apud
417 2810 620 2875 Aristotelem
643 2809 802 2873 invenitur
824 2827 910 2874 raro.

411 2914 452 2977 In
476 2913 560 2977 Ath.
583 2910 695 2978 Polit.
716 2913 814 2978 semel
830 2914 1020 2994 usurpatur:
1038 2911 1144 2986 61,οο;
1168 2906 1342 2990 βαδίζουσι
1359 2906 1445 2992 πρὸς

308 3015 372 3079 τὸν
394 3015 496 3078 λίθον
518 3011 583 3098 ὑφ’
606 3007 630 3098 ᾧ
653 3009 697 3076 τοὶ
724 3011 815 3094 τόμσ
838 3013 965 3090 ἐστιν,
989 3031 1082 3080 sensu
1105 3014 1265 3095 primario,
1286 3032 1349 3093 quo
1366 3030 1444 3077 rem

309 3119 476 3202 signifieat,
500 3120 566 3184 sub
590 3138 660 3200 qua
682 3119 771 3200 quiu
794 3123 866 3197 est,
891 3119 1005 3184 situm
1029 3121 1096 3183 est.

670 3442 704 3512 G.
747 3441 834 3512 Gum
856 3439 1080 3510 Aaousativo.

679 3651 711 3701 a.
757 3636 809 3700 In
830 3633 1070 3701 Politiois.

413 3793 530 3858 nsunt
552 3791 623 3872 looi,
657 3789 772 3872 quibus
804 3781 872 3851 tet
908 3807 978 3855 omn
1013 3788 1201 3854 Accusatio
1236 3788 1437 3853 coniunctum

311 3895 436 3977 legitur.

418 4001 449 4077 1)
473 3997 585 4063 Looaii
616 4017 721 4077 sensu,
755 4001 791 4063 ut
817 3996 937 4062 locum
960 3993 1124 4075 significet,
1158 3992 1226 4058 sub
1261 4012 1333 4075 quo
1357 3993 1447 4074 quid

312 4103 474 4184 positum
509 4104 579 4181 est,
613 4101 725 4166 situm
748 4101 878 4180 habet,
912 4099 972 4164 hoc
995 4115 1057 4162 uno
1080 4097 1149 4162 loeo
1173 4101 1360 4178 usurpatum
1384 4101 1460 4164 ost·-

314 4208 385 4286 144,
401 4227 443 4270 oo:
466 4205 587 4288 πρέπει
611 4201 641 4265 δ’
663 4198 739 4267 ὑπὸ
762 4206 825 4284 μὲν
847 4203 994 4266 τοῦτον
1016 4200 1088 4263 τόν
1109 4197 1238 4263 τόπον
1254 4239 1296 4248 --
1320 4198 1444 4288 οἷνορᾶς

313 4300 402 4372 εἶναι
424 4305 644 4391 κατασκευήν.
