3284 5142
1232 370 1293 435 119

204 569 358 634 ambitum
378 569 538 649 reputanti
562 565 688 632 minime
712 568 825 633 mirum
849 565 1016 632 videbitur.
1038 565 1170 647 Singula
1193 565 1337 647 exempla

204 673 231 737 si
253 667 443 752 spectamus,
478 671 598 736 multae
630 675 704 735 sunt
736 669 768 734 in
796 669 831 733 P.
856 668 981 736 dicendi
1004 668 1159 734 formulae
1182 668 1336 734 sermonis

205 773 390 840 Aristotelei
412 773 560 855 propriae
582 773 682 850 (velut
705 770 738 836 ἐκ
760 773 994 855 προαιρέσεως,
1019 768 1052 844 ἐξ
1074 767 1276 846 ὑποθέσεως,
1304 768 1337 835 ἐν

204 877 274 938 τῶν
298 869 536 959 ὑπαρχόντων,
572 872 813 955 ὑποκειμένων,
847 870 1083 954 ἐνδεχομένων,
1106 873 1142 936 ἐκ
1164 889 1337 958 προσαγω-

204 977 269 1061 γῆς.
304 977 353 1044 cfr
385 979 514 1045 Eucken
537 999 567 1061 p.
593 980 633 1044 12
666 977 770 1060 estc),
804 979 1005 1043 acommuni
1038 979 1181 1044 oratione
1205 978 1337 1058 alienae,

204 1100 285 1163 quas
309 1083 341 1146 in
364 1082 402 1146 A.
426 1081 460 1147 Ρ.
483 1101 546 1148 non
570 1081 720 1148 invenias.
765 1079 890 1148 Paucae
912 1083 944 1147 in
968 1087 1103 1163 utroque
1126 1099 1224 1164 opere
1246 1097 1335 1162 repe·

176 1221 181 1234 ·
204 1185 332 1250 riantur
346 1186 540 1261 usitatiores,
556 1185 644 1250 velut
657 1181 693 1244 ἐκ
707 1188 882 1267 προνοίας,
899 1185 946 1250 cfr
960 1190 1109 1266 praetera
1123 1186 1183 1252 sub
1198 1181 1233 1267 3)
1249 1189 1282 1250 et
1294 1185 1338 1261 4).

541 1474 613 1575 πρό
642 1475 694 1579 (v.
722 1504 779 1574 pp.
811 1476 990 1579 19-21).

307 1650 411 1716 Huius
444 1651 691 1733 praepositionis
724 1650 756 1716 in
780 1653 819 1716 Α.
842 1650 876 1714 Ρ.
910 1657 943 1716 et
977 1650 1009 1716 in
1043 1649 1076 1714 P.
1100 1668 1176 1716 usus
1197 1650 1281 1714 inter
1304 1666 1338 1713 se

206 1755 463 1835 comparantibus
485 1753 662 1836 apparebit,
684 1753 722 1818 de
745 1773 808 1836 quo
832 1755 958 1835 saepius
980 1753 1043 1819 iam
1066 1753 1255 1831 monuimus,
1276 1751 1339 1816 usi·

202 1855 360 1921 tatissima
382 1876 451 1922 csse
474 1857 611 1937 quaein
634 1856 671 1920 A.
696 1855 730 1920 Ρ.
753 1858 880 1923 exstant
903 1855 1057 1937 exempla,
1081 1856 1202 1920 rariora
1224 1859 1256 1918 et
1279 1853 1335 1919 mi·

206 1977 264 2024 nus
288 1959 405 2025 usitata
429 1961 536 2026 omnia
559 1960 679 2024 deesse.

566 2258 601 2325 ἐν
629 2249 680 2352 (v.
709 2277 765 2346 pp.
795 2249 976 2352 21—33).

308 2420 432 2488 Loculis
454 2443 535 2488 usus
567 2423 748 2502 varietates,
773 2442 852 2505 quas
879 2425 911 2488 in
933 2423 969 2488 P.
992 2428 1024 2487 et
1046 2425 1078 2488 in
1102 2424 1140 2488 Α.
1163 2422 1198 2488 P.
1222 2424 1337 2505 reperi-

205 2527 312 2604 rimus,
336 2526 456 2607 siquis
479 2544 550 2591 curn
574 2527 621 2606 iis,
646 2545 725 2608 quas
747 2547 787 2591 ex
810 2527 989 2591 Atticorum
1012 2527 1137 2591 dicendi
1160 2545 1219 2592 usu
1236 2528 1339 2608 cogni·

205 2637 255 2694 las
289 2628 443 2693 habemus
477 2627 539 2710 (cir
572 2629 653 2692 Lutz
686 2647 738 2710 pp.
773 2630 914 2706 23-29)
943 2631 1184 2710 comparaverit,
1219 2629 1340 2694 videbit

205 2733 324 2797 nullam
357 2751 427 2797 esse
462 2733 492 2796 in
526 2732 589 2798 illis
612 2749 725 2796 novam
748 2737 804 2797 aut
826 2751 907 2814 quae
930 2732 1113 2797 Aristotelis
1135 2735 1178 2797 sit
1199 2736 1338 2814 propria,

206 2852 362 2914 usumque
395 2834 489 2898 huius
522 2834 766 2915 praepositionis
796 2833 930 2899 localem
952 2835 985 2899 in
1008 2832 1043 2899 P.
1067 2836 1338 2902 accommodatum

205 2957 275 3004 esse
309 2939 349 3003 aul
383 2956 578 3003 communem
611 2939 766 3004 sermonis
800 2939 1069 3004 consuetudinem.
1115 2939 1152 3005 In
1183 2941 1220 3004 Α.
1244 2940 1277 3004 Ρ.
1300 2959 1338 3006 ex

207 3042 301 3106 buius
323 3059 402 3106 usus
425 3041 632 3107 varietatibus
653 3042 793 3122 requiret
816 3060 885 3105 carn
909 3045 950 3118 [v.
975 3041 1033 3106 sub
1056 3042 1116 3122 5)],
1139 3061 1220 3124 quae
1235 3061 1254 3108 a
1268 3062 1338 3124 per·

206 3146 316 3226 spicuo
339 3150 372 3208 et
394 3147 482 3210 tenui
505 3145 630 3210 dicendi
651 3162 777 3225 genere,
794 3145 898 3228 qualis
919 3146 949 3209 in
974 3145 1034 3210 hoc
1057 3144 1139 3210 libro
1162 3152 1220 3225 est,
1236 3164 1339 3212 remo-

207 3248 270 3311 tior
282 3247 418 3313 lortasse
438 3247 549 3313 baberi
565 3253 679 3328 potest.
703 3247 850 3330 Singulas
866 3253 973 3313 autern
989 3246 1166 3314 locutiones
1182 3251 1339 3330 spectanti

206 3348 300 3415 facile
315 3350 483 3432 apparebit
498 3351 596 3416 multo
613 3351 776 3417 exiliorem
792 3369 861 3416 esso
877 3353 908 3415 in
926 3351 963 3415 A.
976 3350 1010 3414 Ρ.
1027 3370 1120 3432 quam
1139 3352 1170 3417 in
1185 3351 1220 3418 P.
1237 3371 1338 3418 usum.

310 3452 503 3534 Temporulr‘s
534 3475 614 3518 usus
647 3455 725 3519 nibil
758 3453 856 3519 habet
880 3453 1064 3520 Aristotelei
1086 3455 1218 3534 coloris;
1253 3457 1339 3522 etin

207 3555 241 3622 P.
271 3563 303 3621 et
333 3559 364 3623 in
399 3555 435 3623 Α.
459 3558 493 3621 Ρ.
525 3575 655 3638 prorsus
686 3557 726 3622 acl
757 3574 954 3622 communem
978 3575 1070 3622 usurn
1093 3561 1143 3623 est
1165 3576 1340 3624 accommo-

206 3659 307 3724 clatus.

308 3763 356 3828 De
391 3767 543 3834 translati
574 3787 655 3833 usus
689 3765 901 3832 varietatibus
936 3766 1020 3831 idern
1044 3767 1220 3846 dicendum,
1254 3766 1339 3847 quod

205 3865 298 3931 modo
327 3867 464 3938 diximus
490 3871 600 3952 neiis,
625 3889 703 3953 quas
726 3872 757 3936 in
780 3870 872 3935 locali
896 3887 955 3935 usu
978 3869 1154 3950 reperimus
1178 3868 1237 3948 (clr
1259 3869 1339 3934 Lutz

204 3989 234 4052 p.
257 3970 299 4035 29
322 3977 354 4036 et
376 3975 418 4040 32
441 3975 537 4058 squ)-
562 3975 631 4042 Hoc
654 3981 761 4040 tamen
783 3972 973 4052 addendum,
997 3973 1076 4038 duas
1099 3992 1179 4051 esse,
1194 3991 1340 4054 quarum,

203 4091 298 4154 quum
320 4075 350 4138 in
375 4077 410 4141 l’.
433 4079 620 4158 saepissimo
644 4080 852 4158 inveniantur,
876 4075 996 4142 nullum
1019 4077 1050 4142 in
1071 4077 1106 4142 Α.
1122 4075 1157 4140 Ρ.
1173 4078 1222 4140 est
1236 4095 1341 4144 enem-

203 4176 288 4258 plum
322 4174 383 4245 nisi
417 4197 517 4246 unum
554 4179 596 4264 [v.
631 4181 699 4248 sub.
735 4179 770 4264 9)
793 4185 826 4244 et
849 4177 927 4262 10)].
972 4183 1058 4256 Quas
1080 4183 1232 4259 utrasque
1256 4177 1341 4246 docti

202 4288 258 4344 aut
291 4285 374 4345 corte
398 4281 591 4350 difficilioris
613 4287 768 4352 sermonis
793 4284 929 4348 colorem
953 4299 1028 4364 prae
1052 4301 1085 4347 se
1108 4279 1201 4361 ferre,
1235 4289 1341 4362 poste·
