3284 5142
379 351 421 418 66

334 548 520 630 homiues,
556 549 778 630 quibuscum
812 563 886 612 une
918 547 968 612 vel
998 545 1113 627 quibus
1137 545 1361 611 adiuvantibus
1385 543 1469 625 quis

335 651 431 717 fecit
464 650 624 732 aliquid:
658 650 710 730 85,
733 671 759 714 ιι
789 645 976 730 δυνάμενος
1006 639 1095 711 εἶναι
1117 642 1240 733 κάριος,
1264 644 1285 728 ἢ
1308 644 1390 708 καθ’
1412 640 1470 706 αδ-

336 752 401 816 τδν
428 749 448 836 ἢ
476 751 559 833 μετ’
587 747 732 828 ἄλλων,
765 752 825 835 τῆς
851 750 923 814 τάν
949 753 1074 816 κοινῶν
1100 749 1309 834 ἐπιμελείας,·
1333 752 1404 831 103,
1427 768 1470 814 εει

335 851 430 937 άγειν
463 854 530 938 τη“ν
558 850 663 940 Ἀργοί
696 854 796 934 μετά
827 854 908 918 τοῖν
941 850 1087 931 ἄλλων,
1122 856 1192 934 149,
1215 877 1258 920 εει
1285 852 1384 933 μετά
1408 853 1470 936 γάρ

337 961 415 1022 τῶν
442 953 677 1044 ἀρχομένων
707 955 902 1043 δπάρχουσι
933 955 1140 1042 νεωτερίζειν
1163 953 1363 1039 βουλόμενοι
1384 941 1472 1018 πάν-

337 1080 392 1134 τες
415 1056 448 1123 οἰ
469 1099 511 1110 -
535 1083 594 1138 —3
627 1063 700 1144 215,
723 1084 767 1126 ιιι
801 1063 896 1145 κοινῇ
929 1058 1167 1141 βουλευόμενοι
1195 1057 1333 1134 πάντες,
1365 1055 1384 1120 δ
1409 1059 1473 1138 μὲν

336 1164 439 1250 δῆμος
471 1165 571 1247 μετά
605 1165 686 1229 τάν
718 1169 938 1249 γνωρίμων,
973 1157 1072 1228 οδτοι
1101 1162 1137 1226 δὲ
1161 1163 1262 1244 μετά
1285 1160 1358 1226 τοῦ
1380 1159 1473 1245 πλη-

337 1271 456 1344 θουςς
488 1270 561 1346 237,
596 1291 640 1335 ιιι
676 1269 847 1332 τοσοῦτον
880 1269 1116 1349 εἰσαγομένους
1149 1265 1213 1328 τοά
1250 1261 1356 1348 δήμου
1389 1262 1474 1348 πλῆ-

336 1374 411 1448 θος,
440 1370 529 1453 μεθ’
552 1364 597 1434 οδ
628 1375 814 1457 κρείττονες
844 1369 983 1434 ἔσονται
1005 1369 1078 1433 τάν
1098 1407 1140 1415 -
1162 1391 1222 1444 -,·
1247 1371 1319 1452 254,
1343 1391 1385 1434 oo:
1409 1369 1473 1431 τδν

337 1473 511 1560 τάραννυν
534 1475 633 1556 μετοί
656 1472 737 1538 τῶν
759 1477 967 1557 γνωρίμων
989 1467 1136 1557 διδῆμος
1158 1468 1305 1548 άνελιάν,·
1333 1473 1407 1552 276,
1430 1493 1473 1536 os:

336 1575 537 1657 ἐπιθέμενος
568 1577 669 1656 μετά
703 1575 784 1639 τάν
816 1573 962 1662 φίλων,·
997 1578 1070 1657 278,
1093 1597 1135 1642 εει
1165 1574 1286 1650 ἐκεῖνος
1307 1573 1369 1658 γάρ
1391 1573 1475 1655 μετ’

336 1677 485 1762 ὀλίγων
514 1676 744 1763 ἐστράτευσεν.
769 1717 811 1726 -
834 1679 914 1745 Cum
941 1679 1004 1745 iilis
1032 1681 1208 1760 comparari
1238 1684 1371 1760 possunt
1395 1679 1474 1743 hoeo

339 1783 489 1866 figurata:
514 1786 586 1866 154,
602 1805 644 1849 ot:
661 1784 700 1845 τδ
719 1780 892 1863 σχολάζειν
913 1769 998 1862 μετ’
1021 1779 1176 1865 εἰρήνης
1198 1776 1360 1866 άβριστάς
1382 1789 1476 1843 ποιεῖ

336 1882 484 1966 μάλλονς
515 1887 586 1962 184,
610 1909 652 1951 11:
678 1885 777 1966 μετά
800 1883 836 1948 δὲ
858 1889 927 1970 τῆς
949 1882 1072 1969 αὐτῆς
1095 1880 1325 1968 φρονήσεως
1346 1880 1475 1965 ταύτης

339 1992 394 2051 καί
427 1987 551 2071 νόμους
584 1988 665 2062 τοίς
698 1985 858 2072 άρίστους
882 1986 977 2064 ἰδείν,
1005 1989 1082 2068 „ruit
1104 1987 1201 2052 Hulfe
1224 1988 1328 2052 dieser
1349 1985 1473 2050 Kenut·

339 2094 437 2175 niss‘,
461 2092 616 2174 (Kirchm.
639 2113 670 2175 p.
695 2092 779 2173 169).
851 2105 856 2114 ’

442 2196 475 2276 2)
499 2197 605 2262 Etiam
634 2197 690 2261 ubi
718 2196 756 2261 de
784 2196 879 2262 rebus
909 2193 1095 2278 usurpatum
1126 2199 1184 2276 est,
1207 2188 1294 2273 μετά
1316 2211 1344 2258 o.
1367 2191 1471 2259 Genit.

339 2298 497 2382 siguificat
517 2317 576 2366 res
599 2300 760 2365 intereo
783 2299 1020 2378 coniunctae,
1044 2315 1232 2363 connexas
1255 2316 1350 2378 esse,
1374 2297 1477 2360 inter

341 2421 379 2469 se
403 2402 618 2468 cohaerere.

300 2583 301 2588 1
446 2505 551 2586 Atque
573 2507 709 2587 primum
732 2504 860 2586 quidem
882 2524 921 2570 ea
936 2505 1142 2570 exscribimus
1157 2503 1311 2585 exempla,
1327 2502 1383 2567 ubi
1398 2520 1477 2568 rem

342 2608 509 2692 signifieat,
543 2609 617 2690 eui,
649 2607 699 2690 (ut
732 2609 844 2674 maiori
878 2608 927 2673 vel
956 2606 1119 2688 graviori),
1151 2607 1274 2673 altera
1296 2606 1478 2671 adiuncta

343 2719 401 2779 est
433 2713 492 2777 vel
525 2713 687 2779 accedit:
725 2711 794 2788 128,
817 2734 858 2775 ιιι
892 2705 1007 2784 πάλιν,
1040 2701 1079 2792 ἧς
1111 2707 1211 2788 μετά
1241 2700 1476 2788 μεγέθουςδ

345 2812 475 2895 λεχθεὶς
509 2810 586 2899 ὅρος
618 2807 774 2899 ὑπάρχει,
805 2852 846 2862 -
871 2849 909 2860 -
938 2803 1026 2876 εἶναι
1060 2807 1243 2894 καλλίστην
1276 2806 1479 2891 ἀναγκαῖον,

348 2918 419 2994 137,
442 2941 484 2984 ιιι
507 2917 548 2981 τδ
572 2917 636 2999 μὲν
658 2912 720 3000 γάρ
744 2913 959 2997 εὐδαιμονεῖν
981 2910 1168 2996 άναγκαίον
1190 2906 1357 2998 ὑπάρχειν
1377 2911 1477 2994 μετά

344 3019 412 3103 τῆς
442 3015 601 3103 άρετῆςς
632 3022 703 3101 181,
727 3043 769 3084 ιιι
796 3018 860 3103 την
884 3020 1044 3102 φρυγιστί
1069 3014 1271 3101 (άρμονίαν)
1294 3014 1403 3100 μόνην
1425 3038 1479 3081 κα-

345 3120 497 3185 ταλείπει
524 3117 625 3202 μετοὶ
654 3128 725 3206 τῆς
755 3119 939 3207 δωριστί,·
970 3122 1040 3203 199,
1064 3144 1106 3186 oo:
1130 3116 1185 3183 δτι
1208 3118 1248 3183 τδ
1270 3121 1333 3200 μὲν
1355 3115 1480 3202 άληθὲς

343 3223 456 3286 πᾶσαι
489 3221 737 3309 διημαρτήκασι
759 3224 819 3307 τῆς
841 3218 1034 3309 ὀρθοτάτης
1056 3220 1238 3298 πολιτείας,
1261 3219 1380 3284 ἔπειτα
1401 3239 1481 3284 κατ-

346 3326 581 3413 αριθμοῦνται
602 3323 701 3409 μετά
724 3323 891 3392 τούτων.

450 3431 530 3498 Tum
563 3431 745 3514 proferendi
779 3431 851 3514 looi,
885 3432 1000 3513 quibus
1032 3426 1119 3510 μετά
1152 3429 1388 3512 praepositione
1421 3447 1480 3494 res

347 3533 552 3616 significetur,
575 3554 671 3617 quoe
693 3536 807 3601 elteri
830 3535 1011 3600 adiuncta
1030 3539 1089 3600 est
1104 3533 1162 3598 vei
1178 3531 1339 3598 oooedit:
1364 3530 1435 3612 110,
1452 3552 1480 3594 o:

347 3640 408 3700 καί·
424 3633 527 3718 μετά
550 3634 754 3718 δυνάμεως
776 3640 832 3699 καί
855 3640 955 3723 χωρίς
978 3634 1151 3717 δυνάμεως
1173 3629 1274 3718 οὔσης
1290 3632 1348 3718 τῆς
1363 3631 1482 3718 άρχῆς,·

350 3744 421 3824 172,
444 3765 488 3807 ιιι
510 3739 575 3825 την
598 3739 634 3803 δὲ
654 3737 822 3824 μουσικην
846 3779 885 3788 -
908 3732 998 3804 εἶναί
1021 3760 1134 3824 φαμεν
1157 3742 1227 3802 τῶν
1248 3734 1409 3822 ἡδίστων,
1426 3740 1481 3798 καί

348 3844 458 3932 ψιλήν
480 3838 587 3908 οὖσαν
610 3848 665 3906 καί
686 3843 787 3926 μετά
809 3841 1019 3929 μελῳδίας,·
1040 3845 1114 3919 279,
1130 3866 1171 3908 εει
1195 3836 1214 3925 q‘
1234 3879 1269 3888 —
1287 3839 1366 3926 δργη
1382 3839 1481 3921 μετὰ

349 3946 471 4033 λάπης
491 3946 658 4032 πάρεστιν
680 3985 721 3996 -
745 3941 764 4032 ἡ
788 3946 819 4010 δ’
841 3945 950 4032 ἔχθρα
972 3945 1054 4010 ἄνευ
1077 3944 1192 4029 λάπης.

452 4053 483 4130 3)
512 4051 623 4133 Neque
656 4053 767 4134 procul
800 4053 841 4118 ab
874 4051 928 4117 illo
960 4070 1019 4116 usu
1048 4049 1146 4116 distat
1175 4051 1211 4130 is,
1240 4068 1303 4131 quo
1332 4045 1432 4128 μετά
1455 4066 1482 4114 o.

350 4153 471 4222 Genit.
494 4173 561 4238 pro
584 4156 775 4222 adieetivo
798 4160 863 4222 out
885 4154 1065 4221 adverbio
1088 4153 1228 4219 modali
1250 4157 1431 4234 usurpatur,
1447 4156 1483 4216 ut

351 4259 462 4343 quale
484 4258 573 4342 quid
596 4261 646 4326 sit
668 4266 724 4326 aut
746 4258 930 4342 quomodo
954 4258 1043 4338 quid
1065 4257 1137 4322 fiat
1158 4255 1327 4338 significet:
1352 4257 1423 4336 122,
1440 4278 1483 4320 so:
