3318 5144
1245 364 1286 432 27

202 559 372 645 δειεροχὴν
405 560 445 628 ἐν
476 569 563 635 τοῖς
597 555 793 622 ransom
825 553 1014 641 δαόλεμος
1036 548 1160 639 εἶχεν,
1191 561 1265 640 219,
1289 581 1334 626 rr:

202 667 280 727 εἰσί
303 663 333 728 δ
354 660 392 728 αἱ
415 662 579 750 διαφοραί
602 662 644 732 ἐν
665 665 801 748 τρισίν
816 658 940 748 ὅροις,
957 663 1005 730 cfr
1019 664 1093 741 223,
1110 683 1152 742 ιι;
1168 697 1207 709 -
1226 664 1276 744 12,
1291 683 1333 728 ar:

201 762 220 832 ὁ
250 768 312 850 χδρ
342 766 507 852 δεσπότης
535 763 598 832 cix
625 765 665 833 ἐν
693 767 745 852 τῷ
774 764 951 830 κτᾶσθαι
979 763 1058 841 τοδς
1086 761 1236 848 δούλους,
1259 759 1335 830 ἀλλ’

202 869 242 937 ἐν
268 873 320 957 τῷ
349 874 524 957 χρῆσθαι
553 869 706 947 δοδλοις,
736 872 809 951 119,
832 893 859 936 1:
882 869 922 933 τδ
946 869 1006 954 ζῆν
1028 863 1249 950 εὐδαιμόνως,
1272 865 1335 932 εἴτ’

202 971 241 1039 ἐν
264 977 315 1060 τῷ
336 978 492 1061 χαίρειν
514 973 629 1041 ἐστὶν
650 973 704 1037 εἴτ
725 971 765 1039 ἐν
787 971 911 1058 α’ρετῇ
924 1009 968 1021 -
983 1009 1024 1020 -
1039 967 1335 1056 εἴτένδμηιῖν,

205 1079 275 1158 146,
305 1101 346 1144 ar:
374 1087 516 1142 τουτοῖν
546 1075 577 1141 δ’
605 1075 718 1141 ἐστίν
745 1081 782 1141 ἓν
801 1079 865 1159 μὲν
886 1075 929 1142 δν
950 1078 1002 1164 τῷ
1027 1072 1090 1138 τδν
1112 1070 1241 1139 σιοσδν
1263 1083 1335 1136 νεῖ·

203 1182 301 1244 σθαι
324 1219 361 1230 -
378 1178 509 1267 ὀρθῶς,
532 1183 608 1248 142:
628 1206 655 1246 o:
679 1181 785 1245 τοῦτο
802 1178 832 1244 δ’
846 1179 958 1247 ἐστιν
972 1178 1012 1246 ἐν
1028 1180 1080 1266 τῷ
1095 1178 1256 1242 κεῖσθαι
1271 1175 1336 1242 τὸν

201 1281 312 1348 τόκον
332 1281 370 1348 ἔν
391 1303 429 1348 τε
450 1282 589 1370 τοιοδτ,
613 1321 658 1334 -
673 1305 730 1364 -3
753 1323 792 1332 -
819 1287 889 1366 121,
913 1307 941 1348 a:
963 1281 1005 1349 ἐν
1029 1279 1189 1367 πλούτῳ
1211 1276 1251 1344 τὸ
1275 1277 1335 1366 ζῇν

202 1382 239 1448 εὖ
262 1387 462 1451 τίθενται.

305 1489 383 1555 Cum
412 1491 461 1558 his
491 1509 566 1557 care
589 1489 765 1556 confundas
788 1490 981 1556 locutionem
1003 1481 1173 1572 διιδρχειν
1193 1483 1230 1550 δν
1252 1504 1334 1563 τινι,

203 1613 284 1676 quac
305 1593 421 1674 legitur
444 1593 494 1675 19,
517 1615 544 1659 ιε
568 1595 625 1654 καί
647 1589 745 1655 τοῦτ’
759 1590 801 1658 ἐν
820 1593 867 1677 τῇ
882 1589 1019 1676 ντησει
1035 1594 1198 1678 φαίνεται
1213 1585 1334 1674 διεδρ-

202 1717 302 1777 χειν,
334 1698 367 1762 in
400 1715 463 1779 qua
496 1697 653 1762 locutione
677 1696 754 1762 dicit
781 1695 895 1762 Bonitz
919 1695 1032 1779 (Index
1055 1696 1152 1762 Arist.
1175 1715 1200 1761 s.
1224 1713 1253 1760 r.
1275 1689 1335 1773 ἐν),
1420 1737 1425 1755 .

204 1800 358 1883 probante
389 1799 551 1866 Euckonio
581 1803 623 1880 (v.
654 1819 684 1882 p.
708 1800 750 1864 23
772 1798 878 1882 extr),
901 1797 936 1864 ἐν
959 1799 1194 1882 praepositione
1215 1795 1334 1880 signifi-

205 1905 270 1969 cari
293 1902 412 1984 aliquid
434 1905 467 1968 in
490 1903 598 1984 aliqua
619 1921 654 1968 ra
672 1903 776 1970 inesse
791 1902 841 1968 rel
857 1903 1011 1970 contineri
1028 1907 1209 1984 „tamquam
1225 1904 1335 1967 notam

203 2007 236 2072 in
258 2005 440 2072 definitione
463 2008 634 2074 notionis“.

308 2109 361 2190 10)
390 2108 502 2192 Neque
531 2110 637 2175 miuus
667 2115 716 2176 est
746 2111 870 2191 dignus,
899 2111 932 2176 in
954 2127 1048 2192 quem
1071 2109 1209 2174 animum
1232 2109 1335 2176 inten-

204 2215 325 2295 damus,
357 2229 443 2290 usus,
477 2232 540 2296 quo
573 2211 609 2280 ἐν
638 2233 664 2280 c.
694 2215 777 2280 Dat.
808 2215 945 2296 ponitur,
974 2215 1038 2279 ubi
1066 2214 1203 2278 nudum
1231 2213 1335 2279 Dati-

203 2337 285 2383 rum
319 2317 561 2384 instrumenti
593 2322 806 2399 exspectes,
840 2317 1038 2398 significatur
1066 2317 1205 2383 enimin
1227 2316 1277 2382 his
1299 2311 1335 2382 ἐν

203 2421 446 2503 praepositione,
480 2438 550 2502 quo
585 2422 667 2502 quis
695 2420 742 2485 ad
771 2420 917 2501 aliquid
939 2417 1182 2486 efficiendum
1204 2423 1335 2485 utatur

203 2526 468 2603 instrumento,
497 2523 729 2605 adiumento,
757 2542 830 2606 qua
852 2541 890 2590 ro
913 2523 1002 2606 quid
1025 2520 1232 2590 efficiatur.
1276 2522 1335 2588 At·

203 2646 264 2709 que
286 2629 422 2709 primurn
445 2627 572 2708 quidem
587 2627 667 2692 haec
681 2626 870 2708 significatio
885 2627 1078 2709 conspicitur
1094 2627 1126 2692 in
1140 2626 1205 2692 his:
1227 2627 1279 2709 22,
1292 2649 1334 2692 ιι,

202 2727 387 2815 (ἐργασίαι)
410 2727 449 2794 ἐν
472 2726 536 2802 ate
557 2728 602 2793 τυλ
626 2727 768 2810 σώματα
790 2726 985 2810 λωβῶνται
1005 2725 1174 2808 μάλιστα,
1197 2729 1269 2808 180,
1292 2748 1334 2796 ra:

202 2853 300 2906 τινας
337 2830 378 2898 ἐν
414 2827 551 2907 ἄλλοις
586 2833 868 2917 τεθραμμένους
904 2829 1058 2912 νόμοις,
1098 2833 1169 2912 146,
1195 2853 1239 2896 ιιι
1272 2827 1335 2894 δύο

202 2934 296 3002 ἐστὶν
324 2934 364 3002 ἐν
386 2934 445 3010 ote
466 2939 624 3017 γίνεται
647 2934 686 2998 εδ
709 2929 746 2998 εὖ
769 2940 875 3012 πᾶσι,
905 2936 976 3020 173,
999 2959 1040 3002 ao:
1063 2929 1335 3000 druvauariew

201 3037 244 3103 δν
275 3049 363 3114 ταῖς
395 3035 466 3103 αἰιδ
499 3034 624 3122 ταύτης
660 3031 840 3122 ἡδοναῖς,
880 3042 951 3124 174,
979 3060 1023 3106 aa:
1057 3032 1075 3103 o‘
1110 3036 1141 3104 δ’
1173 3036 1214 3106 δν
1250 3047 1335 3112 τοῖς

202 3139 358 3225 ὁμοίοις
391 3139 531 3222 ἐθισμός
564 3144 629 3205 τοῦ
660 3139 879 3206 λυπεῖσθαι
912 3147 976 3206 καί
1005 3145 1177 3227 χαίρειν,
1212 3145 1283 3211 rit:
1305 3163 1333 3206 a:

201 3245 243 3310 ἐν
270 3248 403 3320 ποίοις
430 3241 614 3330 δρχοένοις
643 3244 708 3329 την
735 3241 890 3330 μάθησιν
912 3248 1119 3330 ποιητέον,
1150 3247 1221 3323 182,
1243 3268 1271 3312 ιτ
1295 3242 1335 3311 ἐν

201 3352 249 3433 τῇ
275 3345 441 3434 δωριστί
462 3341 645 3434 (ἁρμονίη)
667 3352 837 3434 αοιηῖσαι
858 3346 1084 3432 διθύραμβον.
1129 3351 1200 3416 Huc
1222 3350 1335 3416 referri

202 3459 336 3537 possunt
369 3454 464 3520 etiarn
498 3453 589 3520 haec:
624 3455 655 3534 5,
685 3477 711 3518 n:
746 3451 786 3519 ἐν
818 3461 903 3528 τοῖς
936 3450 1163 3534 ἐλαχίστοις
1193 3454 1335 3538 πρῶτον

202 3557 345 3620 ἕκαστον
380 3555 583 3640 ζητητέον,
615 3557 645 3640 8,
668 3579 710 3623 ao:
741 3552 792 3618 δεῖ
820 3553 857 3618 δὲ
880 3565 1044 3620 σκοπεῖν
1065 3553 1212 3632 ἐντοῖς
1233 3553 1334 3622 κατὰ

203 3657 328 3744 φύσιν
355 3657 490 3740 ἔχουσι
521 3695 555 3706 —-
587 3655 627 3723 τδ
656 3654 769 3743 φύσει,
798 3661 854 3721 καὶ
881 3654 927 3744 ,ιη’
956 3656 996 3726 ἐν
1026 3667 1113 3732 τοῖς
1142 3655 1335 3744 διεφθαρ-

201 3764 353 3842 μένοις,
381 3763 433 3843 59,
457 3785 498 3828 rr:
526 3759 729 3846 δδηλοισαν
758 3760 794 3826 δὲ
820 3759 981 3837 πολλάκις
1004 3801 1043 3812 -
1067 3765 1123 3825 ναί
1153 3766 1219 3828 νῦν
1241 3759 1272 3828 δ’
1293 3760 1334 3832 λν

202 3874 287 3940 τοῖς
318 3862 530 3950 Ἀνδρίοις,
561 3866 592 3948 8,
615 3889 656 3931 no:
692 3863 756 3928 τδν
781 3902 818 3913 -
843 3862 1033 3950 ἄνθρωπον
1061 3867 1263 3952 θεωρητέον,
1293 3864 1334 3933 ἐν

203 3961 357 4054 ᾧτοιῖτο
380 3964 515 4051 δῆλον,
537 3969 568 4051 8,
591 3992 617 4035 o:
641 3965 682 4035 ἐν
704 3966 761 4044 οἷς
784 3963 962 4054 φανερόν
983 3966 1110 4044 ἐστιν,
1137 3965 1194 4033 δτι
1217 4008 1256 4018 -
1281 4005 1333 4055 -‚

202 4073 249 4138 cir
274 4073 344 4149 150,
367 4092 409 4146 ιε,
433 4063 472 4120 ὲ
497 4073 548 4156 72,
572 4096 613 4138 ra:
640 4069 715 4156 τήν
737 4070 776 4138 ἐν
798 4069 1129 4154 τοῖςιιολεμιιιοῖς
1149 4067 1334 4156 ἄσκησιν,

205 4174 276 4257 175,
304 4198 345 4240 εει
380 4172 623 4240 παιδευτέον
655 4174 696 4243 ἐν
728 4170 830 4260 αὕτη
863 4172 942 4252 τοι),
973 4177 1082 4254 νέους,
1113 4179 1186 4251 271,
1214 4197 1257 4244 rr:
1288 4179 1333 4241 εί·

203 4279 363 4362 διαμένοι
393 4283 448 4341 καί
478 4276 794 4366 πεπαιδευμένοι
816 4277 856 4350 ἐν
878 4280 925 4368 τῇ
946 4277 1144 4368 πολιτείᾳ.
1189 4283 1226 4348 ln
1249 4301 1333 4368 qnae
