3284 5142
1217 395 1260 460 83

171 583 317 678 xoachg'
346 585 446 665 οὗτος
479 589 520 675 ἦν
553 589 573 655 ὁ
601 589 913 673 μεταπεμπόμενος,
944 599 1037 657 certe·
1060 600 1188 674 praeter
1219 594 1303 659 Ana-

173 702 332 763 creontem
363 701 395 762 et
425 696 617 762 Simonidem
646 701 679 762 et
710 701 832 762 ceteros
862 694 901 760 de
922 696 1018 761 nullis
1040 699 1142 778 poetis
1165 698 1305 780 cogitan-

175 801 247 866 dum
272 807 331 866 est.
355 839 394 848 —
418 801 486 866 Hac
509 799 702 866 tamen‘una
724 819 758 864 ro
781 818 857 866 usus
880 799 1050 866 locutionis
1071 793 1104 862 oi
1119 804 1198 880 περί
1212 818 1303 876 τινα,

173 903 273 985 qualis
308 905 339 970 in
374 904 448 969 Aah.
481 903 574 968 Polit.
609 910 667 978 est,
702 901 808 968 differt
837 903 877 967 ab
912 921 959 981 eo,
984 921 1077 984 quem
1101 921 1140 968 ex
1162 903 1304 969 Politicis

174 1008 331 1088 cognitum
366 1007 529 1086 habemus,
564 1007 649 1086 quod
683 1007 714 1070 in
744 1005 817 1069 Ath.
841 1003 934 1070 Polit.
959 1005 1106 1072 omnibus
1129 1006 1217 1086 lociS,
1240 1025 1303 1071 uno

172 1115 313 1193 excepto,
342 1110 509 1176 articulum
538 1109 755 1192 praepositum
784 1113 834 1174 est
862 1109 982 1174 nomini
1004 1110 1142 1191 proprio,
1166 1111 1199 1174 in
1222 1109 1304 1175 Poli·
1393 1123 1394 1128 ’

172 1215 242 1279 ticis
265 1215 440 1297 ceterisque
463 1213 553 1279 libris
577 1212 788 1279 Aristotelicis
811 1228 966 1293 nusquam
987 1212 1030 1294 (v.
1048 1212 1176 1278 Enoken
1192 1232 1223 1295 p.
1239 1211 1304 1290 66).

173 1313 234 1380 Sed
270 1315 329 1382 hac
363 1317 576 1397 discrepantia
608 1334 676 1397 noS,
712 1320 747 1381 ut
770 1316 892 1397 opinor,
917 1331 979 1379 non
1002 1315 1118 1380 adduci
1140 1315 1303 1395 debemur,

173 1425 207 1482 ut
236 1420 404 1485 articulum
434 1439 473 1484 ex
501 1423 590 1484 textu
620 1419 779 1484 eiciamus.
825 1417 915 1483 Licet
944 1419 1082 1484 enimin
1106 1419 1305 1500 scriptisar-

174 1522 268 1587 ticulo
303 1539 366 1587 non
401 1541 477 1588 usus
511 1524 552 1587 sit
580 1523 630 1603 Α,
653 1527 760 1587 tamen
783 1523 995 1588 demonstrari
1017 1523 1127 1604 nequit
1149 1539 1220 1586 eum
1244 1521 1304 1585 hoc

173 1623 275 1689 facero
298 1625 456 1704 debuisse,
483 1627 632 1706 quoniam
656 1625 824 1690 articulum
848 1628 880 1688 et
901 1642 1021 1707 ponere
1043 1631 1076 1691 et
1098 1641 1162 1689 non
1185 1642 1304 1707 ponere

173 1729 275 1807 potuit
309 1726 369 1806 (cir
403 1726 535 1792 thner
563 1726 580 1808 ᾗ
607 1728 671 1792 462
693 1747 724 1809 p.
747 1727 832 1807 519).
877 1728 1073 1808 duarenus,
1096 1728 1305 1793 inconstantis

173 1829 203 1893 in
237 1829 296 1894 hac
329 1848 363 1893 re
398 1835 576 1895 ceterorum
610 1832 799 1912 scriptorum
827 1850 902 1896 usus
925 1849 1080 1913 memores
1105 1837 1146 1908 (v.
1173 1829 1305 1895 Kuhner

174 1928 189 2012 ἓ
211 1932 275 1996 403
297 1933 342 2013 d),
365 1932 397 1997 in
420 1933 545 1998 traditis
568 1932 757 1998 lectionibus
780 1934 1025 2014 acquiescamus.
1197 1938 1220 1980 ⁰

275 2036 308 2115 2)
349 2033 531 2117 Tenrporola'
563 2056 659 2100 aeaco
696 2039 774 2119 περί
808 2055 835 2101 c.
869 2035 943 2101 Aeo.
978 2053 1134 2116 nusquam
1173 2053 1305 2116 usurpa-

174 2140 241 2202 tum
263 2136 337 2219 legi.

275 2240 308 2322 3)
335 2240 478 2321 Reliquis
512 2245 583 2306 octo
617 2240 694 2304 locis
729 2243 808 2324 περί
834 2260 860 2306 c.
884 2239 957 2305 Ace.
978 2240 1169 2305 translato
1192 2258 1305 2306 seusu

174 2344 310 2425 positum
345 2343 478 2408 eandem
512 2362 606 2425 quam
639 2347 718 2427 περί
751 2363 777 2408 c.
807 2341 912 2409 Genit.
947 2344 1045 2408 habet
1078 2345 1151 2424 vim,
1187 2349 1223 2408 ut
1245 2343 1305 2408 ho-

174 2447 292 2512 mines
325 2446 389 2510 vel
423 2465 489 2512 res
522 2445 686 2530 significet,
721 2447 769 2512 ad
803 2465 894 2529 quas
928 2449 1029 2512 actio
1063 2447 1194 2528 aliqua
1226 2466 1306 2529 par-

173 2549 284 2630 tinet,
319 2555 478 2631 spectat.
523 2550 603 2614 Sunt
625 2557 731 2614 autem
754 2551 801 2614 hi:
832 2550 884 2624 47,
906 2571 946 2612 14:
970 2547 1032 2621 τὰς
1055 2546 1086 2611 δ’
1109 2547 1215 2634 ἀρχάς
1236 2547 1307 2623 τὰς

173 2647 347 2736 §topiaria
381 2649 623 2736 ayxdxtmov]
658 2650 861 2737 διοίκησιν
885 2687 924 2698 -
947 2650 1089 2714 ποιοῦσι
1119 2649 1306 2738 κληρωτάςς

173 2756 224 2835 53,
247 2777 273 2820 1:
301 2755 333 2817 εἴ
358 2759 410 2829 τίς
435 2775 514 2816 τινα
541 2746 633 2817 οἶδεν
660 2751 850 2817 ἀδικοῦντα
877 2757 968 2840 περὶ
997 2754 1070 2817 τόν
1091 2753 1319 2842 μερισμ[ὀνΙ

175 2895 210 2904 -
237 2857 310 2943 —]‚·
331 2844 509 2925 locutiones
531 2855 580 2924 τὰ
602 2861 695 2942 περὶ
715 2876 809 2921 τινα
832 2859 877 2942 (3,
898 2879 925 2938 o;
949 2857 978 2939 8,
994 2879 1037 2938 ²³3
1063 2861 1113 2940 16,
1129 2880 1171 2938 ²43
1195 2860 1247 2940 67,
1264 2855 1304 2940 aa)

172 2969 204 3028 et
235 2961 284 3025 τοὶ
317 2967 407 3047 περὶ
439 2982 480 3024 τι
512 2963 577 3044 (47,
601 2986 628 3042 43
657 2963 709 3044 47,
733 2965 783 3040 η).
827 2962 983 3040 Quidnam
1018 2968 1125 3028 autem
1151 2966 1207 3026 aut
1228 2979 1304 3026 num

172 3067 246 3147 quid
273 3069 305 3133 in
334 3067 408 3131 Aah.
438 3065 531 3130 Polit.
566 3066 607 3132 sit
640 3066 829 3132 discriminis
858 3067 941 3130 inter
969 3066 1048 3148 περί
1077 3084 1102 3130 c.
1134 3062 1239 3129 Genit.
1272 3069 1304 3128 et

172 3171 250 3253 περί
282 3189 308 3234 o.
340 3170 412 3233 dcc.
446 3168 506 3231 hoc
539 3187 634 3234 sensu
669 3175 832 3252 usurpata,
866 3169 1016 3249 quoniam
1050 3168 1195 3251 exempla
1223 3185 1305 3248 quae

173 3273 255 3337 inter
277 3292 310 3337 se
327 3271 503 3352 comparari
520 3271 643 3353 possint
660 3291 721 3337 non
738 3271 950 3354 reperiuntur,
967 3290 1029 3336 non
1046 3275 1153 3354 potest
1168 3271 1304 3337 ostendi.

661 3572 696 3638 3.
749 3570 814 3638 ἐπί.

550 3749 591 3818 A.
636 3749 722 3817 dnm
745 3748 922 3818 danitivo.

544 3943 577 3994 a.
622 3929 674 3991 In
695 3924 933 3990 Politioia.

275 4099 370 4166 Locis
397 4101 436 4165 61
470 4099 548 4164 haec
576 4097 770 4182 praepositio
793 4097 825 4162 in
848 4095 990 4162 Politicis
1014 4116 1040 4162 a.
1063 4095 1168 4163 Genit.
1191 4101 1306 4164 exstat.

279 4199 312 4286 l)
337 4201 451 4268 Mucii
471 4223 567 4268 sensu
590 4220 663 4267 raro
686 4199 857 4267 admodum
881 4207 1062 4281 usurpatur.
1108 4201 1304 4284 Propriam,

175 4311 211 4369 ut
244 4323 319 4371 rem
353 4305 519 4388 significet,
553 4307 585 4373 in
615 4324 679 4388 qna
701 4304 777 4388 quid
799 4303 938 4387 positum
961 4307 1020 4385 est,
1042 4321 1138 4386 super
1159 4323 1232 4388 qna,
1256 4305 1306 4372 uel
