3284 5142
1213 343 1271 406 131

159 541 240 605 eius
267 561 341 607 usu
365 544 531 626 discrepet.
575 544 699 625 Itaque,
721 546 875 623 quantum
899 560 937 604 ex
960 539 1231 621 praepositionum
1255 555 1313 600 usu

160 643 379 709 concludere
410 648 493 724 licet,
528 647 581 712 ille
613 645 695 711 liber
727 645 768 709 ab
802 643 973 708 Aristotele
997 647 1129 723 potest
1151 660 1220 705 esse
1242 657 1318 703 con·

159 747 334 827 scriptus.
381 749 419 813 Id
450 752 532 816 eninr
565 750 745 827 tenendum,
768 747 856 812 illum
879 746 993 811 librum
1018 746 1050 809 in
1074 744 1314 808 Atheniensium

159 850 352 929 republica
385 854 563 918 enarranda
584 859 616 918 et
637 853 679 916 ad
700 868 897 917 communem
921 850 1084 913 hominum
1108 865 1235 912 sensum
1262 846 1316 911 de·

159 953 365 1034 scribenda,
400 973 471 1036 non,
505 961 540 1020 ut
570 974 624 1020 eos
647 974 726 1036 quos
748 954 846 1020 libros
870 951 1081 1018 Aristoteleos
1105 968 1262 1025 vocamus,
1286 949 1318 1013 in

159 1057 351 1122 recondita
373 1065 405 1123 et
426 1060 536 1125 subtili
557 1061 672 1124 artium
695 1059 960 1139 pervestigatione
976 1056 1106 1120 versari.
1130 1052 1242 1116 Potest
1258 1053 1315 1132 igi·

158 1163 222 1224 tur
245 1161 306 1224 vel
331 1164 436 1243 potius
459 1162 554 1227 debet
576 1161 654 1227 haec
675 1165 932 1242 argumentorum
956 1157 1135 1222 differentia
1160 1158 1257 1220 etiam
1280 1156 1312 1218 in

160 1264 310 1328 dicendi
334 1284 450 1346 genere
472 1270 506 1329 et
527 1283 672 1331 sermone
694 1283 858 1346 apparere.
903 1261 1045 1340 Accedit,
1070 1259 1155 1342 quod
1179 1257 1319 1339 quidam,

160 1369 330 1446 quamvis
351 1370 455 1449 pauci,
478 1370 510 1433 in
530 1368 603 1432 Ath.
620 1367 713 1432 Polit.
728 1370 931 1433 inveniuntur
946 1363 1217 1447 praepositionum
1233 1381 1309 1428 usus

167 1471 371 1536 Aristotelei
393 1490 468 1537 usus
491 1473 620 1554 proprii.
647 1471 694 1535 Ex
716 1471 831 1552 quibus
854 1470 949 1537 rebus
972 1471 1057 1534 haud
1081 1470 1144 1534 scio
1168 1488 1208 1533 en
1231 1469 1308 1533 velis

162 1576 374 1639 concludere
408 1576 532 1650 librum,
566 1579 621 1657 qui
653 1581 702 1642 est
734 1576 775 1640 de
809 1575 1050 1641 Atheniensium
1081 1574 1253 1654 republica,
1277 1590 1312 1636 re

163 1695 252 1741 vera
279 1679 435 1758 scriptum
469 1700 538 1746 esse
559 1680 599 1744 ab
623 1680 805 1760 Aristotele,
840 1698 945 1759 quem,
979 1697 1076 1758 quum
1099 1678 1159 1740 hoc
1183 1695 1316 1757 opuseu-

164 1777 241 1842 lurn
281 1782 325 1845 ad
365 1801 562 1848 communem
601 1783 849 1864 popularemque
886 1800 1012 1847 sensum
1048 1779 1312 1858 accommodaret,

166 1890 233 1946 aut
271 1885 382 1950 dedite
414 1903 512 1967 opera
539 1893 595 1951 aut
628 1889 695 1968 ipso
729 1893 917 1967 argumento
951 1885 1160 1964 fontiumque,
1193 1884 1315 1962 quibus

167 2004 256 2051 usus
282 1994 341 2066 est,
365 2008 510 2054 sermone
531 1990 711 2070 adductum,
744 1993 871 2055 evitatis
894 1988 1050 2066 omnibns,
1073 2005 1156 2066 quae
1179 1990 1317 2051 contorti

168 2089 446 2171 philosophomm
468 2097 500 2156 et
522 2093 686 2159 doctorum
708 2097 861 2160 sermonis
884 2093 1016 2174 propria
1039 2098 1155 2172 essent,
1178 2109 1320 2157 commu·

166 2211 252 2256 nem
281 2195 458 2261 Atticorum
479 2196 603 2260 dicendi
625 2199 884 2263 consuetudinem
908 2204 1054 2264 secutum
1077 2217 1157 2264 esse.
