3318 5144
374 390 416 456 38

331 588 386 660 είς
408 583 611 650 δυσωδίαν
632 586 696 651 τοῦ
719 584 901 669 στόματος,
934 590 1008 671 286,
1031 612 1074 654 1⁵:
1109 584 1248 674 (ὕβρεως
1270 587 1459 673 εἴργεσθαι)

331 687 392 774 τῆς
414 691 467 766 είς
489 690 533 755 τδ
564 690 673 772 σῶμα
695 694 751 753 καί
774 689 832 774 τῆς
853 692 908 765 είς
930 690 1002 777 τῆν
1024 689 1201 778 ἡλικίανς
1234 694 1307 775 287,
1331 716 1371 759 17:
1395 691 1462 776 τήν

332 833 373 842 -
395 796 451 868 είς
483 789 532 856 τά
565 792 747 882 χρήματα
780 792 961 880 ὀλιγωρίαν
990 833 1031 843 -
1055 797 1197 881 φέρουσι
1229 798 1363 881 βαρέως,
1397 793 1462 879 τὴν

333 893 363 958 δ’
386 899 464 980 [εἰς]
489 892 656 979 ἀτιμίαν
681 933 716 944 -
739 919 794 978 -;
817 899 878 964 huc
900 899 1060 965 referendi
1081 901 1114 967 hi
1137 901 1213 966 loci:
1235 899 1308 980 268,
1332 921 1375 964 en:
1399 894 1464 964 κᾶν

331 1018 384 1074 τις
417 998 535 1087 δβρίσῃ
569 1001 640 1065 τῶν
672 996 827 1088 εδπόρων
860 1003 915 1075 εἰς
937 1000 1109 1078 τοδτους
1130 1010 1163 1070 et
1184 1004 1256 1082 275,
1281 1026 1308 1068 o:
1331 996 1351 1086 ἡ
1375 1005 1463 1086 Κρα-

332 1107 433 1167 ταίου
456 1102 644 1191 (ἐπίθεσις)
668 1105 720 1180 είς
741 1101 967 1190 Ἀρχέλαον,
990 1106 1105 1188 quibus
1127 1107 1174 1179 εἰς
1195 1108 1293 1174 latine
1311 1107 1461 1187 „oontrn“

332 1209 422 1276 reddi
444 1213 559 1292 potest.

435 1312 468 1394 6)
492 1313 605 1392 Quem
638 1314 683 1377 ad
716 1311 829 1379 finem
863 1314 952 1395 quid
988 1318 1149 1396 spectet,
1182 1315 1227 1381 ad
1255 1333 1365 1396 quam
1388 1332 1465 1379 rem

332 1415 573 1482 efficiendam
608 1423 735 1501 aptum
768 1418 833 1496 sit,
868 1435 939 1498 quo
969 1397 1131 1484 oon'silio
1153 1418 1290 1484 fiat-
1312 1436 1394 1500 quae
1418 1418 1465 1482 vis

331 1520 432 1602 priori
454 1521 501 1586 illi
534 1525 576 1600 [v.
599 1521 657 1586 snb
680 1519 726 1603 5)]
751 1524 886 1602 cognata
909 1525 958 1586 est
983 1555 1020 1566 -
1044 1520 1089 1594 εἰς
1110 1522 1346 1604 praepositione
1369 1521 1465 1603 signi·
1513 1575 1515 1580 .

332 1622 446 1688 ficetur
464 1625 494 1688 in
510 1623 573 1688 his:
592 1623 641 1704 16,
654 1641 693 1688 oo:
711 1619 944 1708 θῃσαυρισμός
958 1619 1140 1707 χρημάτων
1151 1657 1193 1670 -
1205 1659 1246 1671 —-
1259 1626 1466 1707 χρησίμων

332 1725 387 1799 είς
407 1728 628 1789 κοινωνίαν
648 1721 799 1798 πόλεως
821 1721 839 1808 ἢ
863 1724 980 1799 οἰκίας,
1003 1724 1050 1790 cfr
1072 1725 1144 1808 283,
1165 1748 1194 1807 ⁴3
1223 1764 1255 1774 —
1284 1727 1334 1807 17,
1347 1747 1387 1790 oo:
1411 1726 1467 1799 είς

333 1824 619 1913 ἀναπλήρωσιν
642 1863 682 1876 -
705 1827 767 1912 τῆς
786 1863 827 1875 -
851 1825 1055 1913 αδταρκείας
1077 1821 1140 1911 ἧνς
1167 1828 1219 1911 92,
1242 1852 1272 1894 r:
1297 1825 1468 1910 συμβάλ-

333 1928 476 1994 λονται
498 1929 661 1995 πλεῖστον
684 1933 739 2005 είς
762 1928 833 2016 τὴν
856 1928 1022 2016 τοιαδτῃν
1042 1936 1277 2009 κοινωνίαν,
1301 1933 1347 1999 cfr
1369 1932 1465 2013 99,1;

334 2072 375 2083 —
400 2037 470 2117 140,
494 2056 535 2101 rr:
573 2031 845 2120 διῃρῆσθαι-
863 2070 896 2082 -
913 2031 952 2098 τδ
976 2037 1040 2116 μὲν
1061 2036 1176 2121 ἕτερον
1197 2037 1295 2120 μέρος
1316 2035 1372 2108 είς
1395 2034 1466 2109 τοὶς

333 2136 659 2223 -λειτουργίας,
693 2138 734 2202 τδ
768 2136 803 2202 δὲ
829 2139 944 2225 ἕτερον
970 2140 1025 2212 εἰς
1047 2138 1120 2221 τήν
1142 2137 1222 2202 τοῖν
1246 2140 1467 2203 συσσιτίων

334 2238 533 2326 δαπάνῃν,·
568 2243 638 2326 167,
661 2265 706 2307 22:
729 2243 785 2315 εἰς
808 2238 904 2328 ὅπερ
927 2242 982 2308 καὶ
1005 2246 1193 2327 φαίνονται
1215 2238 1467 2327 παράγοντες

333 2339 443 2429 αὐτήν
465 2342 547 2431 (τήν
567 2342 750 2431 μουσικήν)
759 2369 770 2422 ,·
793 2348 865 2428 172,
885 2368 928 2412 re:
951 2346 1006 2419 εἰς
1029 2344 1098 2420 τοὶς
1120 2348 1337 2420 συνουσίας
1361 2382 1399 2393 -
1423 2383 1467 2394 -

332 2445 721 2533 παραλαμβάνουσιν
753 2445 884 2532 αάτήνς
919 2450 990 2531 190,
1014 2471 1042 2515 ³:
1077 2446 1138 2521 τὰς
1173 2444 1208 2511 δὲ
1237 2447 1390 2534 (τέχνας)
1413 2450 1468 2523 είς

333 2550 489 2637 τρυφήν
521 2547 603 2635 ἢτδ
627 2549 734 2626 καλοῖς
766 2548 826 2635 ζῆν
861 2545 1111 2638 (δπάρχειν),·
1146 2554 1216 2628 191,
1240 2577 1282 2618 ro:
1317 2550 1389 2616 τῶν
1411 2554 1468 2626 εἰς

333 2653 406 2739 τῃν
445 2650 633 2737 ἀναγκαίαν
672 2656 793 2742 χρῆσιν
831 2651 1147 2731 συντεινόντων,·
1187 2657 1260 2737 284,
1284 2681 1310 2722 1:
1345 2653 1486 2727 δαπα-Ι

333 2759 467 2824 νοῑντα
499 2761 638 2840 <είς>
672 2756 836 2846 δωρεάς,·
860 2795 898 2808 -·
925 2762 997 2844 142,
1021 2784 1065 2825 ro:
1099 2759 1148 2825 τά
1174 2797 1211 2808 -
1236 2761 1290 2835 εἰς
1312 2759 1468 2847 τροφήν

333 2857 479 2940 δδατα,·
501 2864 573 2946 146,
590 2887 634 2929 ee:
658 2862 698 2926 τδ
721 2860 814 2937 τέλος
836 2865 891 2924 καί
915 2859 983 2937 τὰς
1005 2864 1061 2936 εἰς
1083 2859 1128 2926 τδ
1152 2861 1266 2936 τέλος
1287 2861 1470 2947 πράξειςς

215 2951 221 2966 ’
336 2968 406 3048 153,
430 2990 473 3032 14:
497 2964 548 3030 δεῖ
569 2965 638 3040 τάς
660 2967 716 3039 εἰς
738 2965 810 3051 τήν
834 2962 982 3050 σχολήν
1005 2962 1148 3050 ἀρετάς
1170 2960 1356 3050 ἀπερέχειν.

438 3072 470 3148 7)
492 3069 571 3136 Cum
605 3071 709 3138 verbis
742 3071 904 3137 dividendi
937 3075 992 3136 out
1026 3070 1233 3152 dispertiendi
1267 3070 1312 3144 εἰς
1344 3091 1372 3137 e.
1394 3071 1468 3137 Aee.

334 3193 429 3256 saepe
463 3175 664 3239 coniunctum
697 3174 881 3255 invenimur,
915 3179 952 3238 nt
973 3179 1104 3256 portes
1126 3173 1293 3256 significet,
1317 3174 1354 3239 in
1376 3193 1469 3256 quas

334 3278 424 3359 quid
447 3277 646 3344 dividitur:
670 3278 700 3359 9,
724 3301 769 3342 er:
793 3269 895 3349 οὗτος
917 3273 953 3339 δὲ
976 3269 1011 3362 (ὁ
1035 3273 1209 3350 πολιτικδς
1230 3275 1317 3362 βίος)
1340 3279 1471 3358 γίνεται

334 3378 569 3464 διῃρημένος
598 3379 652 3455 εἴς
673 3397 716 3443 τε
737 3378 811 3464 τήν
831 3377 1055 3463 πολεμικήν
1077 3381 1216 3464 χρείαν
1237 3382 1303 3441 καί
1326 3378 1399 3464 τήν
1421 3380 1470 3441 εί.

334 3479 513 3568 ρῃνικήνς
546 3483 597 3565 38,
620 3504 650 3549 s:
683 3481 853 3569 μερίζων
880 3520 921 3531 -
953 3486 1009 3544 καί
1031 3480 1181 3568 χωρίζων
1206 3519 1242 3532 -
1267 3520 1318 3565 -,
1342 3480 1385 3550 τά
1407 3485 1471 3564 μὲν

334 3587 389 3658 είς
412 3588 603 3649 συσσίτια
626 3585 669 3651 τά
692 3584 723 3650 δ’
745 3587 798 3661 είς
821 3589 993 3673 φατρίας
1015 3589 1070 3648 καί
1087 3584 1215 3671 φυλάς,
1236 3590 1288 3669 41,
1305 3609 1345 3652 ³1:
1370 3583 1471 3648 διαι-

335 3699 468 3775 ρεῖται
491 3686 527 3752 δὲ
549 3690 604 3764 εἰς
626 3686 697 3754 δυό
717 3691 814 3775 μέρῃ
835 3689 875 3754 τδ
899 3688 1032 3774 πλῆθος
1053 3689 1124 3754 τῶν
1139 3688 1337 3767 οἰκούντων,
1352 3685 1393 3754 τδ
1408 3692 1472 3772 μὲν

334 3794 388 3868 είς
410 3791 504 3866 τοδς
527 3791 731 3878 γεωργοδς,
764 3793 804 3857 τδ
829 3791 865 3856 δὲ
886 3795 940 3869 είς
962 3794 1004 3859 τί
1031 3792 1322 3880 προπολεμοδν
1342 3795 1472 3879 μέρος,

334 3898 524 3978 31111111εὸ0,
547 3922 585 3973 ει,
608 3913 653 3978 εε;
676 3896 728 3980 56,
752 3918 796 3977 ro;
822 3899 893 3977 137,
917 3920 962 3981 εο;
989 3901 1058 3981 140,
1081 3919 1110 3979 ε;
1132 3898 1205 3979 281,
1228 3919 1270 3979 οε;
1291 3936 1324 3946 -
1346 3900 1417 3975 145,
1441 3915 1471 3963 ιτ

335 3997 556 4086 διαιρείται
590 3999 647 4087 (vd
671 3997 819 4085 πλῆθος)
853 4002 908 4076 είς
930 3996 1051 4085 λερείς
1085 4004 1227 4080 <κα1>
1256 4002 1313 4074 εἰς
1335 3996 1473 4085 ἄρχον-

334 4125 421 4181 ταςς
445 4106 516 4186 151,
541 4127 583 4171 ³1:
618 4099 807 4190 διῄρηται
829 4141 871 4152 -
894 4098 912 4169 δ
936 4108 1008 4188 βίος
1030 4107 1085 4178 εἰς
1108 4103 1307 4185 ἀσχολίαν
1329 4107 1394 4166 καί
1417 4107 1473 4179 είς

337 4203 539 4292 σχολήν-
555 4245 592 4256 -
607 4211 664 4271 καί
687 4206 757 4272 τοῖν
778 4208 941 4292 πρακτῶν
963 4209 1006 4275 τά
1028 4211 1091 4290 μὲν
1122 4210 1177 4284 είς
1203 4208 1251 4273 τοὶ
1276 4206 1473 4290 ἀναγκαία

335 4349 376 4361 -
392 4310 436 4376 τά
460 4309 497 4378 δὲ
518 4314 574 4388 είς
596 4312 644 4379 τά
666 4308 783 4389 καλάς
805 4314 940 4396 206,11:
976 4310 1187 4395 διαλαβεῖν
1209 4313 1265 4386 εἰς
1288 4310 1359 4376 δυό
1386 4310 1474 4377 ποίν-
