3284 5142
370 353 431 418 104

325 547 422 631 πρὸς
445 547 488 610 τό
513 544 619 609 ἴδιον
642 541 948 607 ἀποσκοποῦσαι
973 543 1078 606 τοῦτο
1102 541 1243 627 δρῶσιν,Ι
1266 544 1347 610 adde
1364 545 1455 621 lla:

326 646 522 713 συνάπτει
555 649 653 733 πρός
686 648 758 731 την
791 649 965 732 εἰρημένην
996 683 1032 694 -
1064 685 1107 695 -
1135 642 1456 731 ἀμφισβήτησιν,

325 754 523 819 referendum
546 757 596 819 est
618 754 659 818 ad
677 787 726 832 -,
742 753 881 834 pertinet
899 751 939 814 ad
956 771 1011 828 --3
1034 751 1107 831 238,
1125 772 1166 815 ιιι
1184 746 1456 822 συνδυάζουσι

324 856 421 940 πρὸς
454 852 527 939 την
560 851 704 938 ἱππικὴν
737 853 913 934 δύναμιν
943 891 981 900 -
1009 892 1044 900 -
1072 853 1137 936 τήν
1159 887 1200 900 -
1225 851 1295 915 τῶν
1329 849 1455 936 ψιλῶν,

326 961 499 1042 adiungere
520 962 625 1025 solent
646 960 687 1024 ad
710 995 761 1038 -‚
786 960 831 1023 eir
854 959 905 1034 57,
921 979 963 1022 ιιι
988 954 1144 1030 συζεῦξαι
1167 956 1230 1019 τόν
1245 951 1349 1039 ’Ἁρην
1371 953 1457 1039 πρὸς

327 1057 392 1143 τήν
411 1055 627 1145 Ἀφροδίτην.
646 1062 749 1126 —Ex
772 1061 863 1126 locali
889 1061 1026 1143 denique
1048 1078 1107 1126 usu
1131 1059 1306 1141 repetenda
1327 1058 1456 1122 videtur

325 1165 492 1246 explicatio
515 1165 608 1231 huius
631 1184 757 1246 qnoque
780 1164 855 1229 loci:
887 1165 957 1245 170,
981 1186 1022 1228 ιιι
1045 1162 1139 1236 τους
1161 1158 1258 1242 πρὸς
1281 1157 1456 1242 ἀνάγκην

323 1265 473 1338 πόνους
496 1262 729 1352 ἀπείργοντας,
753 1269 809 1332 ubi
832 1285 997 1348 quousque
1019 1267 1069 1330 vel
1092 1267 1132 1331 ad
1155 1285 1247 1347 quern
1271 1266 1360 1347 quasi
1383 1281 1455 1344 gra·

325 1371 399 1435 dum
434 1371 509 1451 quid
543 1378 698 1452 augeatur
732 1376 788 1436 aut
821 1369 1053 1451 progrediatur,
1080 1366 1165 1451 πρός
1199 1368 1391 1450 praepositio
1415 1368 1457 1432 si·

323 1473 462 1555 gnificat.

426 1577 459 1655 2)
485 1577 588 1641 Etiam
616 1575 671 1640 ubi
694 1594 756 1641 non
780 1577 819 1640 de
842 1581 931 1641 motu
954 1578 1069 1657 agitur,
1093 1577 1148 1640 sed
1171 1576 1210 1640 de
1233 1577 1297 1639 situ
1320 1574 1456 1639 alicuius

324 1681 393 1758 loci,
428 1677 514 1762 πρός
542 1698 567 1745 ο.
593 1680 666 1744 Aac.
690 1699 782 1762 saepe
805 1681 888 1746 idern
912 1681 996 1745 valet
1018 1683 1113 1762 atque
1137 1680 1270 1744 latinum
1295 1713 1355 1756 „—
1379 1694 1455 1740 rer-

323 1785 417 1863 sns“,
433 1783 589 1847 sennicum
606 1818 661 1866 ,-
679 1783 797 1864 pain&
821 1789 856 1848 ut
879 1802 1038 1864 quonam
1062 1783 1149 1865 quid
1169 1786 1300 1863 vergat
1315 1781 1366 1845 vel
1384 1799 1455 1861 spe·

323 1889 398 1966 etet,
432 1885 597 1966 significet.
642 1886 693 1952 Sic
727 1887 777 1963 72,
800 1909 843 1950 ar:
873 1884 971 1968 πρός
1002 1884 1037 1946 ἀὲ
1064 1883 1136 1968 την
1167 1885 1361 1967 Κορινθίων
1388 1879 1455 1963 χώ-

325 2008 399 2071 ραν
421 1986 485 2048 τοῦ
506 1989 569 2067 μὲν
591 1982 778 2062 συνόπτου,
802 1990 862 2050 τοῦ
887 1985 918 2049 δ’
941 1984 982 2050 ου’
1005 1986 1195 2061 συνόπτον,·
1221 1989 1290 2065 130,
1305 2007 1332 2051 ιε
1356 1984 1456 2070 πρός

322 2109 360 2153 τε
392 2090 464 2174 την
497 2089 713 2153 θάλατταν
736 2089 895 2175 προσήκει
918 2093 1053 2153 κεῖσθαι
1076 2088 1181 2163 καλῶς
1202 2087 1300 2174 πρός
1323 2108 1359 2150 τε
1381 2087 1455 2170 τήν

322 2191 468 2277 χώραν,
503 2195 619 2260 similia
654 2196 724 2275 131,
753 2215 795 2273 ³³3
829 2196 898 2275 142,
922 2219 949 2275 ⁰3
973 2231 1014 2240 -
1040 2196 1109 2275 138,
1135 2217 1174 2259 ra:
1206 2189 1314 2277 ᾤκουν
1343 2189 1378 2254 δὲ
1408 2187 1454 2256 τὸ

321 2298 384 2375 μὲν
416 2296 512 2380 πρὸς
545 2296 619 2380 την
650 2299 876 2381 Τυρρηνίαν
906 2292 1037 2363 Ὀπικοὶ
1063 2335 1099 2346 -
1124 2296 1168 2361 τὸ
1199 2294 1235 2358 δὲ
1260 2294 1358 2379 πρὸς
1380 2289 1455 2376 την

323 2395 530 2481 Ἰαπυγίαν
554 2436 588 2446 -
617 2397 745 2475 Χώνεςς
770 2403 841 2480 140,
859 2421 899 2464 14:
923 2403 1021 2485 μέρος
1043 2399 1119 2484 (τῆς
1141 2395 1265 2484 χώρας)
1288 2397 1332 2461 τό
1356 2393 1455 2481 πρὸς

322 2500 391 2575 τάς
424 2499 626 2582 ἐσχατιάς,
660 2503 775 2587 ἕτερον
809 2499 845 2564 ἀὲ
877 2502 921 2565 τὸ
946 2503 1043 2587 πρὸς
1065 2503 1136 2586 την
1158 2499 1294 2584 πόλιν,Ι
1328 2503 1400 2574 232,
1424 2523 1453 2564 a:

322 2605 505 2696 κέκτησθαι
534 2642 574 2651 -
602 2605 663 2688 γῆν
689 2602 822 2669 -ἀπό
858 2624 951 2680 τινος
983 2605 1093 2670 τόπου
1127 2606 1225 2687 πρὸς
1259 2600 1302 2667 τὸ
1336 2599 1454 2679 ἄστυ,

322 2709 394 2788 240,
411 2733 453 2773 21:
476 2712 532 2769 καί
556 2709 626 2772 τῶν
649 2703 754 2793 ὁρίων
777 2704 813 2794 (ἡ
836 2707 1025 2793 ἐπιμέλεια)
1048 2709 1233 2794 τῶνπρός
1249 2703 1453 2790 ἀλλήλους.

425 2813 458 2893 3)
484 2814 532 2877 Ad
560 2812 800 2894 significandum
830 2814 1032 2895 hominem,
1062 2816 1107 2880 ad
1129 2833 1234 2894 qnern
1258 2817 1379 2878 motus
1403 2811 1454 2875 di·

321 2921 448 2981 rectus
477 2921 534 2996 est,
562 2912 649 2998 πρός
678 2936 703 2980 ο.
733 2916 804 2982 Aeo.
827 2919 955 3000 proprio
979 2936 1073 2982 sensu
1095 2936 1158 2982 nou
1182 2921 1232 2982 est
1253 2920 1452 2997 usurpatum,

321 3021 381 3085 nisi
403 3021 463 3084 hoa
487 3037 550 3085 uno
574 3021 658 3084 loco:
681 3021 755 3095 240,
778 3042 819 3084 ιιι
844 3014 927 3102 ἄλλη
950 3017 980 3081 δ’
1003 3016 1099 3104 ἀρχή,
1122 3018 1220 3102 πρὸς
1236 3016 1281 3100 ἣν
1297 3011 1334 3079 αἱ
1348 3015 1453 3102 πρόσ-

322 3118 395 3183 οδοι
424 3121 495 3182 τοῖν
523 3120 649 3183 κοινῶν
676 3119 921 3206 ἀναφέρονται.
967 3125 1014 3188 Ex
1045 3126 1104 3190 hoc
1138 3144 1198 3190 usu
1231 3122 1453 3205 explicandum

321 3225 446 3290 videtur
478 3225 573 3290 etiam
607 3227 680 3301 240,
703 3247 744 3288 aa:
781 3221 877 3309 ἑτέρα
913 3223 942 3288 δ’
969 3223 1055 3312 ἀρχὴ
1083 3222 1181 3311 πρὸς
1211 3223 1256 3308 ἣν
1285 3221 1453 3306 ἀναρροί-

322 3327 475 3411 φεσθαι
509 3323 561 3388 δεῖ
593 3323 637 3388 τοί
672 3346 708 3389 τε
743 3325 814 3390 ἴδια
849 3326 1038 3408 συμβόλαια
1070 3333 1126 3392 καί
1152 3366 1200 3410 -,
1226 3330 1296 3409 „bei
1319 3328 1453 3392 welcher

321 3431 372 3496 (lie
397 3465 436 3473 —
459 3469 501 3478 -
524 3431 699 3497 schriltlich
729 3433 800 3512 (zur
833 3432 1104 3515 Aufbewahrung)
1133 3432 1350 3515 niedergelegt
1376 3449 1454 3498 wer·

321 3534 382 3598 den
417 3535 567 3599 milesen“
604 3533 739 3613 (Susam.
769 3556 799 3617 p.
830 3536 915 3618 673).
947 3571 988 3583 -
1018 3537 1137 3603 Eodem
1172 3536 1370 3603 referendum
1405 3540 1453 3600 est

323 3634 407 3720 πρός
429 3638 460 3702 iu
483 3638 522 3703 iis
545 3654 681 3719 quoque,
704 3637 759 3702 ubi
782 3646 952 3721 usurpatur
974 3641 1015 3705 ad
1031 3640 1253 3724 significandos
1269 3640 1451 3718 nominee,

320 3740 366 3804 ad
395 3758 489 3820 quos
516 3759 576 3805 res
606 3740 748 3822 aliqua,
779 3743 810 3807 in
834 3761 928 3825 quam
952 3745 1122 3826 inquirant,
1146 3743 1326 3808 refertur:
1348 3744 1400 3821 67,
1424 3768 1451 3808 r:

320 3841 546 3927 προσάγειν
567 3839 665 3927 πρὸς
689 3843 760 3906 τόν
783 3841 920 3927 δῆμον,
944 3848 1063 3914 referre
1085 3849 1127 3914 ad
1149 3849 1310 3930 populum.

424 3948 458 4028 4)
487 3944 666 4028 Τακροιαίί
696 3969 791 4013 sensu
820 3946 905 4033 πρός
935 3969 961 4016 υ.
989 3953 1062 4017 Aac.
1085 3969 1147 4017 non
1170 3953 1345 4017 invenimus
1368 3952 1452 4032 posi·

320 4056 400 4131 tum,
436 4051 497 4116 nisi
530 4050 641 4117 semel:
679 4053 748 4135 157,
772 4076 813 4118 as:
848 4050 908 4138 ἤδη
942 4053 1206 4140 καταλελυμένης
1239 4054 1299 4139 τῆς
1326 4053 1452 4139 ἡλικίας

319 4152 419 4235 πρὸς
447 4154 519 4217 τάν
547 4153 627 4216 τοῖν
649 4151 919 4239 ἑβδομήκοντα
949 4157 1048 4224 ἐτοῖν
1074 4156 1266 4242 ἀριθμόν,
1297 4163 1351 4226 nbi
1379 4179 1451 4242 quo
1532 4187 1536 4194 ·

319 4258 409 4337 quid
445 4262 615 4339 tempore
649 4260 734 4339 liat,
770 4263 828 4326 hac
849 4265 1081 4343 praepositione
1104 4268 1207 4332 rninus
1229 4274 1376 4333 accurate
1398 4287 1452 4335 ex·
