3284 5142
1135 403 1138 410 ⁴
1236 373 1298 436 129

310 565 358 629 Ex
381 565 430 647 iis,
454 584 536 646 quae
557 583 656 647 supro
680 571 900 647 comparantes
920 568 1132 647 exposuimus,
1156 568 1341 649 haeeputa·

206 669 305 734 verim
327 686 497 750 apparere:

311 772 371 836 l:o.
415 768 509 854 α’μφί
544 773 749 853 praepositio,
783 790 846 852 qua
874 791 1044 853 numquam
1068 791 1142 838 usus
1165 778 1214 836 est
1237 773 1285 852 A..
1310 776 1342 839 in

209 877 248 940 A.
273 874 308 938 Ρ.
331 893 488 956 nusquam
511 877 682 954 invenitur,
717 894 839 955 eaeque
861 877 1121 957 praepositiones,
1155 893 1234 957 quas
1256 878 1342 957 apud

209 980 247 1041 A.
282 980 443 1044 rarissime
475 979 610 1060 legimus
645 974 734 1060 (σύν,
757 971 810 1052 ὥς,
842 973 922 1052 ἀνά,
949 974 1341 1061 περιο.1)αι.,πρὸςς.

209 1079 340 1164 Genit.),
374 1083 470 1148 etiam
493 1084 524 1148 in
548 1083 588 1146 A.
612 1082 649 1146 P.
679 1087 736 1146 aut
757 1083 917 1148 rarissime
939 1088 995 1147 aut
1017 1084 1144 1146 omnino
1167 1101 1227 1146 non
1251 1100 1342 1147 usur·

208 1189 335 1266 pantur.

309 1289 371 1352 2:0.
394 1286 603 1369 Reliquorum
619 1289 891 1369 praepositionum
908 1304 995 1367 usus,
1008 1289 1074 1352 sive
1089 1290 1261 1353 varietates
1277 1289 1342 1352 sive

211 1389 354 1472 singulas
375 1390 551 1456 locutiones
573 1397 763 1472 spectamus,
787 1392 818 1454 in
833 1391 874 1455 A.
890 1390 924 1454 Ρ.
940 1391 1039 1456 multo
1055 1391 1168 1456 exilior
1182 1393 1231 1455 est
1246 1408 1341 1470 quam

209 1493 241 1556 in
275 1491 510 1573 Pomosisque
545 1493 671 1574 scriptis
703 1494 916 1560 Aristoteleis.
960 1494 1086 1560 Desunt
1108 1494 1243 1558 enimin
1266 1493 1341 1557 Ath.

208 1594 302 1660 Polit.

311 1699 345 1780 a)
368 1699 487 1764 multae
522 1716 599 1764 usus
635 1700 816 1779 varietates,
849 1718 984 1780 quarum
1012 1700 1091 1765 haec
1114 1701 1247 1766 discerni
1271 1720 1343 1782 pos-

365 1807 441 1866 sunt
461 1820 594 1883 genera:

367 1936 406 2021 a)
430 1939 585 2004 eiusmodi
609 1941 790 2019 varietates
823 1959 904 2022 quae
927 1946 960 2005 et
981 1941 1065 2022 apud
1089 1941 1127 2004 A.
1151 1949 1182 2006 et
1204 1942 1236 2003 in
1259 1959 1343 2004 com·

431 2043 519 2107 muni
555 2043 711 2107 sermonis
745 2061 805 2108 usu
837 2045 1041 2108 inueniuntur
1067 2061 1149 2121 raro,
1173 2042 1260 2107 velut
1283 2037 1343 2102 διά

428 2164 455 2210 c.
478 2143 583 2211 Genit.
617 2145 736 2210 causali
758 2165 862 2226 sensu,
898 2140 955 2208 διά
979 2162 1006 2209 c.
1029 2146 1103 2210 Aac.
1126 2144 1214 2210 finali
1236 2163 1342 2224 sensu,

428 2245 484 2311 ἐπί
512 2271 543 2302 =
574 2249 736 2328 „ausser“,
762 2251 939 2329 „praeter“.

362 2383 398 2468 β)
430 2385 611 2464 nonnullae,
635 2404 718 2466 qnae
741 2386 922 2452 Aristotelis
942 2393 1017 2450 sunt
1037 2386 1194 2467 propriae,
1212 2385 1243 2448 in
1259 2401 1343 2448 corn·

427 2491 514 2553 muni
549 2494 658 2553 autern
692 2508 752 2553 usu
774 2496 831 2553 aut
853 2507 925 2553 raro
950 2495 1005 2554 aut
1025 2491 1151 2553 omnino
1175 2505 1238 2560 non
1260 2488 1344 2551 inve-

429 2593 570 2670 niuntur,
605 2591 692 2655 uelut
725 2587 793 2673 πρό
827 2594 859 2656 in
884 2590 1104 2672 comparandis
1127 2591 1232 2668 rebus,
1256 2585 1344 2649 κατά

429 2713 455 2758 a.
479 2691 586 2758 Genit.
608 2716 641 2747 =
657 2697 735 2774 auspi
758 2710 784 2756 c.
807 2691 914 2759 Genit.
936 2700 993 2759 aut
1013 2695 1097 2772 Aac.²
1110 2688 1196 2752 κατά
1221 2709 1247 2756 a.
1269 2693 1343 2754 Aee.

434 2821 466 2852 =
494 2793 742 2877 „hinsiehtlioh“‚
766 2792 854 2855 κατά
877 2815 903 2860 o.
927 2795 1000 2860 Aac.
1023 2795 1141 2860 causali
1163 2794 1212 2859 vel
1227 2795 1344 2858 instru-

428 2897 559 2963 mentali
594 2898 634 2980 ui,
668 2900 748 2979 περι
772 2917 798 2962 o.
822 2898 897 2962 Aet.
924 2923 956 2954 =
983 2896 1030 2970 ἐν,
1061 2894 1155 2979 παρά
1187 2915 1213 2960 c.
1237 2894 1345 2962 Genit.

432 3027 464 3057 =
491 2997 559 3062 ὑπό
583 3019 609 3065 c.
633 2999 749 3080 Genit.,
770 3007 829 3064 cet.

363 3139 400 3223 γ)
432 3140 615 3218 nonnullae,
638 3157 720 3221 quae
742 3143 775 3202 et
797 3140 882 3221 apud
905 3141 943 3205 A.
959 3147 993 3204 et
1011 3141 1043 3206 in
1059 3140 1182 3221 vulgari
1199 3158 1344 3204 sermone

432 3246 646 3323 inueniuntur,
662 3244 718 3308 sed
740 3262 823 3325 qnae
846 3249 939 3310 outa
961 3244 1086 3310 dicendi
1106 3261 1221 3326 genere
1245 3242 1344 3307 libelli

429 3347 504 3412 Ath.
528 3346 624 3412 Polit.
646 3353 703 3412 aut
726 3347 766 3410 ab
789 3348 968 3428 argumenti
983 3351 1099 3412 natura
1113 3346 1261 3412 videntur
1276 3363 1345 3409 osse

429 3450 561 3528 alienae,
598 3455 654 3514 aut
688 3466 764 3515 casu
798 3449 921 3527 desunt,
949 3448 1035 3514 uelut
1057 3448 1092 3508 ἐκ
1114 3450 1146 3514 in
1170 3459 1344 3514 commnta-

430 3555 516 3618 tione
550 3551 731 3632 indicanda,
764 3549 799 3611 ἐκ
834 3552 872 3615 de
902 3553 1047 3628 materia,
1070 3552 1109 3616 do
1132 3551 1286 3633 partibus,
1309 3551 1346 3610 ἐν

434 3657 473 3720 de
507 3674 542 3720 re
577 3675 616 3720 ex
651 3674 714 3736 qua
737 3657 813 3736 quid
836 3657 961 3738 pendet,
997 3653 1032 3722 ἐν
1055 3675 1112 3740 pro
1134 3655 1208 3720 Dat.
1232 3655 1347 3720 instru-

430 3760 538 3835 menti,
556 3759 602 3830 εἰς
615 3759 649 3824 in
666 3761 913 3824 commutatione
935 3760 1113 3840 indicanda,
1129 3755 1187 3820 ort
1201 3775 1227 3822 c.
1240 3756 1346 3822 Genit.

430 3864 535 3932 verbis
571 3862 767 3943 percipiendi
790 3864 984 3944 adiunctum,
1007 3859 1103 3945 παρά
1127 3879 1153 3928 a.
1175 3860 1282 3926 Genit.
1306 3861 1345 3924 de

430 3968 558 4032 homine
591 3967 725 4032 alieuius
759 3968 806 4032 rei
840 3971 981 4046 anctore,
1017 3973 1076 4032 oet.
1121 3966 1188 4030 Nee
1221 3967 1253 4032 id
1282 3983 1345 4030 non

430 4068 634 4150 monendum,
662 4067 832 4150 figuratum
853 4069 1053 4150 quarundam
1077 4069 1344 4150 praepositionum

430 4189 522 4235 usum
546 4171 578 4236 in
600 4174 640 4238 A.
663 4171 698 4236 P.
732 4171 833 4235 multo
856 4171 1021 4237 exiliorem
1045 4188 1232 4252 essequam
1255 4173 1286 4236 in
1309 4171 1345 4236 P.

430 4294 459 4340 v.
482 4270 527 4349 ἐκ,
550 4275 606 4350 εἰς,
630 4275 685 4341 ou
707 4293 734 4340 c.
758 4273 873 4354 Genit.,
898 4273 954 4342 ἐπί
975 4292 1002 4340 c.
1025 4277 1100 4340 Ace.
1122 4274 1182 4342 sub
1209 4277 1249 4350 l).

1209 4405 1241 4456 17
