3318 5144
651 596 684 663 2.
739 583 837 659 κατά.

551 806 593 874 Α.
639 807 726 874 (lum
749 804 925 874 Genitivo.

549 1015 583 1065 a.
626 1000 679 1063 In
700 996 940 1063 Politieis.

283 1170 362 1236 Octo
390 1174 465 1236 sunt
487 1172 558 1251 loci,
581 1171 697 1252 quibus
720 1163 809 1231 κατά
831 1170 1098 1251 praepositionem
1122 1188 1194 1234 eum
1217 1166 1312 1234 Geni·

179 1275 244 1340 tivo
266 1275 465 1340 coniunctam
487 1274 637 1356 legimus;
661 1292 766 1354 neque
788 1272 822 1336 in
845 1272 1015 1337 his-ullum
1039 1272 1224 1352 reperimus
1250 1291 1311 1354 quo

180 1377 308 1442 localem
332 1380 388 1441 aut
410 1377 618 1458 temporalem
642 1394 768 1441 sensum
792 1375 920 1456 habeat,
944 1375 1000 1441 sed
1022 1375 1140 1455 ubique
1156 1374 1311 1440 translato

180 1498 273 1546 sensu
297 1484 451 1560 usurpata
473 1482 531 1543 est.
907 1533 911 1541 .

281 1587 314 1662 1)
338 1583 388 1649 Sic
422 1583 493 1657 260.
517 1608 554 1658 ao,
578 1602 605 1646 r:
640 1582 923 1664 ποιησαμένων
945 1576 1021 1661 τὴν
1044 1577 1211 1643 κόλασιν
1232 1582 1313 1642 τῶν

180 1686 240 1764 μὲν
264 1722 301 1732 -
323 1722 366 1732 -
389 1683 472 1747 κατ’
494 1679 730 1758 Εὖετλωνος,
759 1684 832 1746 τῶν
855 1680 885 1744 d'
911 1724 945 1730 —
973 1723 1011 1730 -
1036 1682 1120 1746 κατ’
1142 1680 1312 1768 Ἀρχίου,

181 1809 248 1854 enm
281 1789 379 1854 verbo
413 1789 570 1854 inimicam
593 1789 752 1854 actionem
774 1785 964 1868 significanti
988 1789 1199 1868 coniunctum,
1223 1784 1313 1848 need

180 1909 204 1956 c.
227 1891 333 1956 Genit.
354 1891 539 1956 hominem
557 1888 722 1973 signifieat,
757 1890 816 1953 cui
850 1889 1003 1954 inimica
1032 1895 1093 1958 est
1123 1891 1224 1954 aetio
1254 1889 1313 1954 vel

179 2001 435 2077 contraquam
459 2011 644 2058 conversa
666 1996 733 2058 est.

291 2098 324 2178 2)
348 2097 492 2178 Reliquis
526 2096 670 2160 omnibus
702 2095 780 2160 loeis
813 2096 925 2160 eodem
959 2113 1053 2161 sensu
1087 2114 1149 2177 qno
1181 2098 1259 2177 περι
1287 2115 1313 2159 o.

180 2199 286 2266 Genit.
319 2204 376 2265 aut
397 2198 586 2265 Accusativo
610 2202 792 2278 usurpatur,
815 2200 852 2261 nt
874 2197 1018 2262 homines
1041 2202 1097 2263 ant
1119 2217 1169 2263 res
1192 2197 1311 2280 signifi·

177 2310 234 2384 eet,
257 2305 302 2369 ad
324 2322 417 2385 quas
440 2304 537 2368 actio
562 2301 691 2381 aliqua
713 2301 893 2381 pertinet,
916 2319 1011 2382 quae
1033 2301 1176 2367 actioni
1199 2303 1314 2383 qnasi

177 2407 348 2472 obiectae
370 2411 467 2470 sunt.
496 2405 630 2470 Latinae
652 2404 749 2485 igitur
771 2403 943 2483 respondet
965 2405 1194 2485 praepositioni
1220 2404 1312 2483 ‚‚de“;

176 2511 352 2590 germanice
376 2511 424 2591 „in
446 2506 582 2574 Betrellu
606 2507 696 2571 reddi
719 2511 838 2587 potest:
866 2506 919 2586 54,
943 2527 971 2569 r:
1000 2500 1113 2590 ὥσπερ
1137 2509 1192 2566 καὶ
1214 2503 1314 2586 λέγε-

177 2629 243 2672 ται
277 2608 378 2674 κατὰ
407 2612 486 2673 &aiv
509 2609 697 2692 γηγενῶν;
731 2610 802 2688 102,
826 2631 867 2672 ra:
901 2609 1001 2669 κατα
1025 2606 1060 2669 δὲ
1082 2611 1162 2670 τῶν
1184 2607 1314 2671 τοιού-

177 2732 255 2776 των
288 2711 358 2776 οοίι
391 2712 476 2776 ἔστι
510 2710 632 2792 νόμος
666 2713 725 2790 (cir
759 2734 799 2776 12:
834 2711 1059 2790 νομοθεσία
1092 2715 1186 2796 περὶ
1222 2710 1315 2784 τούς

177 2816 324 2901 ἴσονς),·
359 2819 429 2888 102.
454 2842 495 2882 rs:
520 2816 765 2895 νομοθετεῖν
782 2854 815 2861 -
832 2811 1037 2896 πειρώμενος
1059 2812 1143 2874 κατ’
1166 2811 1315 2890 αὐτῶν,

179 2921 247 2999 126,
271 2943 313 2984 ar:
337 2919 442 2982 τοῦτο
466 2913 642 3002 ὑπάρχει
664 2921 720 2978 καὶ
743 2916 832 2978 καθ’
854 2913 942 2987 ἑνός
964 2912 1141 2978 ὁτουοῦν
1163 2917 1234 2980 τῶν
1256 2915 1315 2980 α’ν-

177 3019 338 3104 deducor,
371 3025 431 3088 hoc
465 3023 550 3088 cadit
571 3023 603 3085 in
630 3057 666 3067 -
693 3043 748 3096 —;
782 3021 856 3102 283,
881 3042 922 3084 or:
958 3018 1002 3080 ἵν’
1025 3017 1315 3101 ἕξαγγέλλωσιν

176 3121 276 3186 κατά
301 3125 354 3187 τω
360 3147 380 3187 ν
403 3121 578 3206 ἀνδρῶν,
602 3126 641 3189 de
664 3125 786 3190 maritis
803 3124 938 3189 tacenda
954 3125 1135 3202 enuntiare3
1153 3162 1185 3170 -
1198 3125 1271 3198 263,
1284 3146 1314 3186 a:

176 3229 306 3311 εἴρηται
321 3222 576 3290 --καθόλοο
600 3223 702 3289 κατὰ
723 3225 864 3289 πασῶν
886 3224 940 3288 τω
949 3247 967 3288 ν
989 3224 1218 3290 πολιτειῶν.

527 3503 565 3566 b.
608 3505 661 3567 In
682 3504 789 3569 Ath.
811 3503 953 3568 Ponit.

278 3676 405 3757 Septem
422 3675 500 3739 loeis
515 3669 603 3736 κατά
617 3695 642 3740 ο.
655 3674 760 3740 Genit.
773 3679 958 3755 usurpatum
970 3679 1027 3754 est,
1043 3693 1136 3739 sensu
1149 3675 1313 3740 translato.

280 3779 309 3852 1)
334 3779 383 3843 Ad
407 3777 648 3859 significandum
672 3778 873 3855 hominem,
908 3782 1042 3842 contre
1075 3796 1182 3858 quem
1216 3778 1314 3843 actio

174 3882 305 3962 aliqua
328 3899 513 3946 conversa
536 3887 603 3960 est,
627 3881 764 3962 positum
781 3881 876 3944 estin
893 3879 956 3944 his:
980 3879 1032 3960 57,
1056 3903 1083 3943 a:
1117 3873 1150 3941 οἱ
1174 3877 1204 3940 d’
1227 3873 1311 3941 ἀπο-

175 3980 292 4046 doxam
315 3994 387 4056 τοῖς
408 3981 572 4056 τελώναις
594 3987 649 4044 καὶ
672 3981 772 4044 κατά
801 3982 880 4043 τῶν
902 3980 1085 4045 τελωνῶν
1118 3980 1229 4067 (deado
1250 3984 1315 4045 eio-

174 4085 345 4171 άγουσιν),
381 4089 433 4153 ubi
468 4087 538 4152 vide
572 4085 658 4148 κατά
683 4105 708 4151 c.
732 4085 836 4150 Genit.
878 4089 1059 4168 oppositum
1091 4088 1207 4153 Dativo
1231 4105 1316 4152 eorn-

177 4191 276 4266 modi;
311 4190 428 4272 63,12:
464 4182 586 4273 (αὐτοι
623 4187 653 4250 d'
689 4191 744 4270 (sc.
769 4185 874 4270 δίκαι)
909 4189 988 4251 εἰσὶ
1011 4189 1113 4251 κατὰ
1136 4191 1214 4251 τῶν
1236 4187 1316 4250 ἐπι-

176 4291 352 4378 τρόπων)
376 4293 563 4373 similandi,
588 4319 614 4359 ιι
637 4302 669 4359 ot
692 4315 735 4374 rs;
772 4294 883 4358 eodem
919 4313 1014 4359 sensu
1049 4294 1099 4374 69,
1123 4315 1151 4358 o:
1185 4290 1314 4374 κύριοι
