3284 5142
1217 363 1259 427 95

170 561 405 640 σνμμορῖας,·
433 562 479 636 16,
503 580 547 622 aa:
571 555 750 630 α’νελόντες
773 553 811 621 οἱ
832 555 1041 622 ἐπὶτοῦτο
1064 558 1303 637 τεταγμένοι

169 661 212 722 τὰ
235 656 326 722 ὅπλα
354 658 491 740 adonim
526 662 555 735 8,
580 685 622 726 ia:
658 660 722 744 τήν
755 661 827 723 τών
858 658 1108 743 Ἀρεοπαγιτῶν
1143 657 1301 744 (βουλήν)

169 761 286 836 ἔταξεν
319 761 474 844 ἐ[πὶτο“]
499 762 816 848 νομοφυλακεῖνς
853 801 888 810 -·
924 766 976 842 50,
1000 787 1044 828 ao:
1079 770 1304 848 χειροτονεῖ

169 864 199 926 δ’
220 863 463 950 α’ρχιτέκτονας
485 861 502 927 ὁ
528 863 630 949 δῆμος
651 865 715 932 ἐπὶ
738 862 807 940 τὰς
829 865 943 942 ναιῖς,Ι
977 869 1028 946 46,
1054 891 1096 932 17:
1120 873 1305 950 χειροτονεῖ

172 1003 205 1014 -
232 965 429 1054 ιι[οσ]μρτὴν
453 1005 491 1012 -
509 1005 549 1014 -
573 968 628 1034 ἐπὶ
649 965 807 1042 πάντας
830 966 927 1053 (τούς
949 967 1302 1053 ἐφήβους);-ὀ9,ιι;

169 1069 355 1156 πληροῦσι
389 1069 425 1134 δὲ
458 1073 512 1137 καὶ
544 1071 608 1138 ἐπὶ
642 1073 735 1145 τούς
769 1071 916 1151 νόμους
949 1074 1081 1156 ἕτερον,Ι
1114 1107 1153 1118 -
1185 1074 1236 1150 ol,
1261 1091 1303 1134 ia:

171 1173 289 1259 (μετὰ)
320 1175 392 1237 τῶν
414 1173 478 1241 ἐπὶ
499 1172 543 1238 τὸ
568 1173 766 1260 θεωρικὸν
788 1173 1007 1259 ᾖρημένωνς
1040 1178 1091 1254 41,
1115 1199 1144 1238 a:
1168 1169 1303 1258 αἱροῦν-

171 1297 228 1340 ται
262 1275 298 1338 δὲ
321 1275 399 1339 δέκα
424 1279 495 1341 τῶν
517 1276 671 1341 πολιτῶν
697 1315 731 1324 -
759 1315 798 1324 —-
822 1277 877 1342 ἐπὶ
900 1278 965 1360 τήν
988 1278 1052 1340 τοῦ
1075 1275 1225 1355 πολέμου
1248 1297 1304 1336 κα-

171 1377 324 1442 τάλυσιν.
370 1383 479 1446 Adde:
518 1377 556 1444 οἱ
577 1381 642 1447 ἐπὶ
663 1379 708 1444 τὸ
733 1379 932 1464 θεωρικόν
967 1381 1030 1461 (47,
1055 1383 1094 1456 15)
1128 1384 1160 1443 et
1183 1373 1221 1440 οἱ
1242 1376 1305 1441 ἐπὶ

170 1483 217 1545 τα
241 1481 451 1563 ἐκθύματα
475 1486 539 1566 (60,
563 1488 599 1563 ι),

633 1785 668 1854 4.
724 1775 831 1872 παρά.

544 1981 585 2050 Δ.
632 1981 719 2049 Cum
742 1979 919 2050 Gonitivo.

540 2173 575 2222 a.
619 2159 671 2222 1n
692 2156 935 2222 Politiois.

271 2309 376 2376 Vicies
398 2313 565 2392 quinquies
588 2311 666 2376 haee
688 2311 883 2392 praepositio
907 2308 1075 2388 invenitur,
1091 2310 1188 2374 vicies
1211 2305 1306 2372 Geni·

168 2413 239 2477 tiuis
261 2432 512 2495 personarum
534 2416 718 2496 praeposita
740 2420 799 2479 est.

273 2519 304 2594 1)
330 2516 432 2584 ὅρηαι
455 2539 524 2583 aare
547 2517 645 2595 locali,
677 2537 739 2598 quo
763 2537 834 2582 oum
857 2518 963 2582 verbis
986 2522 1104 2581 motum
1128 2513 1306 2598 significau-

169 2621 254 2686 tibus
288 2623 457 2689 coniuncta
478 2622 666 2687 homiuem
700 2620 868 2701 significat,
902 2639 1017 2701 equo
1041 2621 1188 2702 quisse
1212 2637 1307 2684 amo·

168 2729 230 2788 vet
262 2731 327 2789 aut
360 2729 568 2807 amovetur,
604 2725 665 2788 hoo
699 2740 763 2788 uuo
786 2724 856 2788 loeo
885 2727 1039 2804 usurpata
1061 2726 1127 2788 est:
1163 2722 1236 2802 276,
1259 2742 1305 2786 aa:

170 2823 313 2909 Σμέρδις
328 2824 501 2889 ΙΙένθιλον
521 2823 648 2909 πληγάς
670 2821 784 2905 λαβών
808 2826 872 2891 καὶ
894 2828 1002 2909 παροὶ
1027 2827 1096 2908 τῆς
1117 2818 1308 2906 γυναικός

168 2925 377 3000 ἐξελκυσθεὶς
409 2927 615 3012 διέφθειρεν,
649 2948 729 3004 „von
753 2930 810 2994 der
834 2928 921 2995 Seite
944 2931 1049 2996 seiner
1071 2929 1174 2994 Frau“
1201 2963 1242 2972 -
1269 2961 1302 2972 -·

169 3031 305 3112 (Susam.
328 3052 358 3114 p.
383 3034 468 3114 761).

272 3135 307 3219 2)
337 3135 469 3218 Saepius
504 3133 661 3200 translato
697 3156 792 3198 seusa
826 3136 1015 3201 homiuem
1053 3135 1219 3216 significat,
1254 3133 1308 3214 qui

171 3258 286 3322 pareus
316 3239 366 3304 vel
389 3245 500 3304 auctor
522 3243 571 3304 est
592 3238 726 3304 alicuius
749 3239 806 3318 rei,
840 3259 859 3303 a
882 3257 952 3322 quo
976 3240 1066 3320 quid
1089 3235 1307 3320 proficisci·

169 3349 245 3422 tur,
280 3345 419 3422 oritur,
454 3347 615 3408 emanat.
660 3342 711 3408 Sic
733 3343 763 3418 9,
786 3363 831 3422 a⁵;
859 3337 877 3425 ἡ
912 3340 974 3427 γὰρ
1005 3342 1092 3429 πρὸς
1116 3339 1307 3424 τάναγκαῖα

171 3445 219 3530 τῷ
235 3443 367 3525 σώματι
392 3440 534 3528 βοήθεια
555 3448 712 3526 γίνεται
735 3444 827 3528 παρ’
842 3441 1015 3530 α’μφοῖν,
1030 3445 1142 3531 παρά
1163 3464 1205 3508 τε
1228 3445 1310 3508 τοῖν

172 3544 330 3610 δούλων
362 3548 418 3612 καὶ
438 3547 547 3633 παρὰ
580 3549 659 3611 τών
681 3541 813 3632 ἡμέραν
845 3544 968 3632 {qiam
1003 3551 1063 3616 hac
1097 3553 1128 3616 vi
1161 3545 1257 3634 παρά
1281 3571 1308 3614 o.

173 3650 280 3717 Genii.
303 3651 437 3718 articulo
460 3653 641 3734 praeposito
664 3652 848 3734 adiungitur
870 3655 1081 3732 substantivo,
1106 3654 1219 3720 eodem
1242 3652 1310 3717 iere

172 3774 268 3820 sensu
302 3775 365 3836 quo
400 3753 565 3821 Genitivus
599 3756 800 3837 subiectivus,
835 3776 928 3838 quem
952 3758 1072 3836 dicunt,
1096 3759 1147 3824 vel
1171 3756 1310 3822 auctoris

170 3858 311 3938 (Eucken
335 3877 365 3939 p.
387 3858 430 3923 58
452 3863 544 3938 extu,
567 3859 647 3924 Lutz
670 3879 700 3942 p.
714 3861 776 3924 145
798 3863 944 3940 summ.):
969 3860 1020 3941 86,
1043 3883 1087 3924 aa:
1111 3855 1217 3942 μηδὲν
1240 3856 1311 3921 δεό-

171 3982 267 4040 μενοι
300 3959 373 4044 τῆς
405 3959 497 4043 παρ’
519 3956 938 4044 α’λλήλωνβοηθεῖαςς
973 3965 1045 4042 156,
1069 3987 1115 4028 ιιι
1151 3954 1312 4044 ἡχάρις

170 4066 277 4148 παρὰ
302 4065 382 4128 τῶν
405 4067 570 4140 τέκνων,
595 4057 613 4146 ἡ
637 4060 805 4148 δὲπαρά
830 4065 913 4128 τοῖν
932 4068 1120 4147 πατέρων
1137 4065 1311 4150 βοήθεια

171 4177 243 4240 τοῖς
266 4169 411 4241 τέκνοιςς
432 4169 484 4247 40,
509 4189 551 4232 ie:
586 4161 603 4230 ὁ
627 4166 736 4251 παρα
756 4167 830 4229 τοῦ
852 4168 954 4232 θεοῦ
976 4169 1140 4254 χρυσόςς
1169 4172 1242 4246 241,
1267 4189 1309 4232 u:

171 4271 249 4354 (τοῖς
271 4269 467 4355 προθέσεις)
501 4270 574 4344 τὰς
605 4271 713 4355 παρὰ
747 4271 827 4334 τῶν
860 4267 1147 4356 α’γορανόμων,
1182 4270 1254 4346 τὰς
1276 4270 1310 4333 δὲ
