3284 5142
1229 328 1268 393 77

282 519 367 586 Cum
392 523 631 588 Accusativis
661 541 917 604 personarum
951 527 1028 606 περί
1050 524 1248 588 coniunctum
1272 524 1316 589 le·

175 625 280 706 gimus
302 625 333 690 iu
357 626 424 691 his:
449 627 521 700 lll,
544 649 587 691 so:
610 623 699 706 ἔχειν
723 663 763 673 -
787 663 828 672 -
853 625 951 707 ἰσχύν
974 645 1053 689 τινα
1076 625 1164 709 περὶ
1189 619 1317 689 αὐτόν

176 729 344 814 (primario
377 729 596 811 siguificatio);
633 731 703 810 137,
729 752 770 795 18:
805 731 859 796 καὶ
892 728 951 805 τὰς
984 730 1114 815 κτησιις
1148 727 1198 794 δεῖ,
1227 720 1316 792 εἶναι

176 829 266 911 περὶ
288 829 476 906 τούτους,
501 832 581 913 ,ὺοί“
604 833 757 910 (Kirchm.
781 853 811 915 p.
838 834 912 918 127)
936 836 990 900 vel
1009 837 1056 918 „in
1080 836 1139 900 den
1164 833 1315 900 Htiuden“

177 931 312 1014 (Susem.
337 955 367 1017 p.
390 937 452 1000 421
477 936 559 1017 init.)
582 936 629 1000 cfr
655 937 726 1014 137,
751 958 792 1016 οο;
812 979 840 988 -
858 938 931 1020 280,
948 961 990 1002 24:
1014 935 1034 1020 ἡ
1057 936 1147 1019 περὶ
1164 933 1317 999 Μολοτ-

177 1033 274 1109 «otc
309 1038 364 1121 (=
391 1035 428 1099 ἓν
453 1035 661 1122 Μολοττοῖς)
695 1037 806 1101 αολύν
840 1038 965 1122 χρόνον
987 1037 1140 1121 βασιλεία
1164 1035 1317 1118 διέμεινε,

178 1139 226 1204 cit·
240 1139 314 1221 282,
328 1165 370 1206 ro:
386 1131 474 1202 εἶναι
491 1138 734 1216 κατασκόπους,
751 1139 826 1204 οίον
847 1142 938 1225 περὶ
961 1145 1265 1228 Συρακουσίους
1281 1137 1318 1203 αἱ

178 1241 405 1324 ποταγωγίδες
427 1245 579 1326 (Ειιοίιοη,
609 1265 638 1327 p.
662 1245 714 1323 65,
737 1245 849 1310 Bouitz
873 1247 942 1311 Iud.
967 1248 1021 1311 Ar.
1045 1264 1069 1309 s.
1093 1264 1120 1308 v.
1145 1248 1223 1328 περί
1246 1267 1315 1312 oum

179 1344 340 1413 Bekkerot
368 1347 444 1429 περὶ
460 1346 714 1431 Συρακούσας),·
735 1350 784 1414 his
801 1349 965 1414 addendus
981 1351 1068 1414 locus
1085 1349 1212 1430 253,11:
1239 1344 1318 1409 στοί-

182 1463 259 1521 σεοις
282 1453 458 1532 γενομένης
480 1451 569 1532 περὶ
592 1454 786 1513 Μνασίαν
802 1449 915 1516 -καὶ
938 1447 1203 1537 Εὐθυκράτη,
1228 1453 1319 1524 „zwi-

181 1554 294 1620 schon‘*
323 1554 477 1634 (Kirchm.
501 1575 531 1636 p.
555 1555 628 1635 232,
652 1554 773 1621 Susem.
797 1575 827 1637 p.
844 1554 929 1638 lot).
955 1589 993 1600 -
1019 1557 1089 1620 Huo
1112 1555 1250 1637 pertinet
1272 1555 1315 1619 lo·

182 1658 266 1723 cutio
305 1651 342 1717 οἱ
376 1660 468 1740 αερί
499 1674 609 1732 τινα,
643 1661 733 1724 ouius
764 1677 840 1724 usus
863 1659 976 1741 diguus
999 1661 1135 1740 videtur,
1169 1659 1201 1724 iu
1224 1678 1317 1740 quem

183 1763 320 1827 animum
344 1762 558 1828 attendamus.
581 1762 712 1844 Vulgari
735 1781 838 1843 sensu,
856 1782 919 1845 quo
943 1768 979 1829 et
1001 1763 1183 1828 homiuem
1206 1764 1319 1828 nomi-

181 1870 304 1930 natum
339 1869 376 1930 et
398 1883 492 1947 quos
522 1865 588 1930 ille
610 1867 750 1931 circum
774 1885 813 1932 se
835 1867 974 1932 habeat
997 1867 1129 1932 comites
1151 1864 1318 1948 siguificat,

182 1967 229 2032 his
251 1967 330 2033 locis
354 1973 507 2050 usurpata
529 1969 660 2050 legitur:
695 1969 767 2048 260,
791 1991 832 2033 oo:
867 1963 950 2051 ὅπερ
979 1970 1099 2050 συνέβη
1122 1966 1159 2030 ἐν
1182 1971 1317 2051 Λαρίση

181 2067 235 2135 ἐπὶ
256 2067 317 2153 τῆς
340 2071 411 2133 τῶν
443 2068 634 2133 Ἀλευαδῶν
657 2066 761 2157 ἀρχῆς
795 2071 875 2134 τῶν
910 2071 999 2157 περὶ
1033 2073 1160 2151 Σῖμον
1195 2072 1317 2152 (malim

182 2176 328 2256 equidem
352 2174 428 2259 περὶ
451 2176 559 2253 Σῖμον
582 2175 716 2257 legere);
740 2178 812 2256 275,
835 2199 861 2240 ³:
886 2173 942 2237 δια
967 2174 1008 2238 τό
1032 2174 1132 2237 ἐᾶσαι
1155 2168 1317 2257 ὑβρισθῆ-

184 2299 238 2340 ναι
261 2274 370 2341 αὐτὸν
395 2274 460 2339 ὑπὸ
485 2279 565 2340 τῶν
587 2278 676 2362 περὶ
693 2273 903 2343 Ἄτταλον.
950 2279 1054 2346 Semel
1077 2281 1136 2345 hac
1159 2280 1318 2345 locutione

182 2383 240 2462 ipsi
262 2382 384 2447 homiui
408 2386 612 2463 opponuntur
634 2382 666 2462 ii,
699 2400 780 2462 quos
802 2401 909 2448 seeum
932 2383 1030 2449 habet
1054 2383 1113 2464 (eir
1136 2382 1265 2448 Euokou
1288 2403 1318 2464 p.

182 2483 253 2560 65):
276 2485 351 2558 285,
374 2507 416 2548 ss:
451 2479 497 2565 μή
520 2481 629 2562 μόνον
650 2481 780 2547 αὐτόν
804 2487 993 2568 φαίνεσθαι
1015 2483 1143 2568 μηδένα
1165 2483 1237 2548 τοῖν
1260 2483 1319 2568 α’ρ-

184 2590 336 2668 χομένων
370 2580 549 2668 ὑβρίζοντα
584 2624 624 2633 -
662 2623 711 2663 -,
746 2583 832 2649 ἄλλα
865 2586 942 2670 μηδ’
965 2585 1070 2650 ἄλλον
1097 2586 1225 2672 μηδένα
1248 2589 1319 2652 τῶν

182 2693 269 2773 περὶ
292 2687 428 2754 αὐτόν.
459 2692 605 2774 Reliquis
628 2694 705 2757 loeis
722 2692 910 2757 Aristoteles
932 2692 992 2758 hac
1014 2693 1173 2758 locutione
1196 2694 1241 2758 its
1257 2694 1319 2758 uti-

183 2801 243 2874 tur,
278 2799 312 2859 ut
347 2812 410 2859 uon
434 2800 499 2860 tam
522 2795 561 2860 de
585 2797 763 2877 comitibus,
793 2813 887 2876 quam
912 2796 950 2859 de
974 2797 1043 2878 ipso
1066 2797 1192 2860 homine
1215 2797 1316 2862 uomi-

182 2904 256 2964 uato
274 2899 342 2964 solo
359 2897 436 2962 velit
451 2899 642 2963 intellectam
659 2897 717 2974 (cir
735 2899 862 2963 Euolron
874 2917 905 2980 p.
917 2897 988 2977 65):
1004 2899 1076 2979 258,
1089 2921 1132 2962 ιιι
1155 2896 1319 2978 ἐγγίνεται

183 2997 244 3082 γὰρ
280 2997 470 3081 δημαγωγὸς
506 2998 570 3064 κᾶν
602 2997 697 3063 πάνυ
728 2998 835 3080 ὀλίγοι
858 2994 953 3075 οἶσιν,
977 3000 1051 3065 οἷον
1074 2999 1110 3064 ἐν
1132 3010 1205 3074 τοῖς
1225 2995 1319 3082 τριά-

183 3121 288 3166 κοντα
309 3101 495 3186 Ἀθήνησιν
518 3097 665 3186 οἱπερὶ
688 3101 885 3190 Χαρικλέα
911 3104 1057 3185 ἴσχυσαν
1083 3142 1119 3152 -
1145 3141 1182 3150 -
1207 3103 1262 3169 καὶ
1283 3102 1319 3166 ἐν

183 3217 253 3280 τοῖς
276 3209 509 3288 τετρακοσίοις
533 3201 570 3268 οἱ
592 3207 682 3290 περὶ
707 3203 923 3289 Φρύνιχον,Ι
947 3211 1022 3290 278,
1047 3230 1089 3273 ro:
1105 3209 1164 3270 ἕνα
1181 3205 1211 3269 δ’
1227 3205 1320 3292 (τρό-

183 3331 251 3374 πον
286 3312 467 3394 φθείρεται
501 3309 680 3396 τυραννίς)
714 3310 750 3385 ἐξ
784 3304 890 3392 αὐτῆς
914 3347 952 3356 --
978 3349 1028 3385 -,
1062 3306 1174 3391 ὥσπερ
1198 3304 1216 3391 ἡ
1241 3308 1319 3372 τοῖν

183 3414 273 3498 περὶ
297 3410 452 3475 Γέλωνα
474 3415 529 3479 καὶ
564 3419 626 3476 νῦν
660 3408 679 3495 ἡ
714 3414 793 3475 τῶν
826 3413 914 3495 περὶ
947 3409 1179 3475 Διονύσιον.
1215 3406 1319 3494 ἡμὲν

184 3515 409 3588 Γέλωνος-
424 3553 464 3564 -
487 3519 603 3598 -279,
626 3541 671 3582 uo:
703 3514 927 3579 Διονύσιον
950 3513 1003 3591 δίς
1025 3515 1171 3581 similiter
1192 3514 1265 3597 289,
1281 3539 1318 3579 οι.

186 3620 350 3686 Postremo
374 3621 458 3702 quod
482 3641 511 3704 p.
534 3621 575 3685 66
598 3622 674 3686 droit
698 3621 838 3699 Euokeu‚
863 3621 894 3684 iu
918 3620 1076 3685 locutione
1100 3610 1133 3679 οἱ
1147 3620 1226 3700 περί
1239 3637 1319 3681 τινα

185 3742 341 3806 nusquam
375 3726 460 3807 apud
495 3725 700 3790 Aristotelem
737 3725 905 3789 articulum
935 3724 1051 3789 nomini
1076 3724 1204 3805 proprio
1228 3743 1318 3806 prse-

185 3829 271 3910 pom,
295 3831 594 3895 commemoratione
616 3829 744 3910 dignum
768 3832 825 3891 est.

288 3932 321 4010 2)
348 3931 522 4012 Temporoli
545 3953 639 3996 senso
663 3933 802 4013 positum
837 3933 915 4012 περί
948 3951 975 3996 o.
999 3932 1072 3996 Aoo.
1106 3931 1151 3994 ad
1174 3935 1319 4013 tempus

185 4034 305 4099 minus
339 4041 516 4102 accurate
550 4034 846 4118 significandum
871 4041 1057 4116 usurpetur:
1092 4035 1143 4115 50,
1166 4053 1207 4097 m:
1231 4035 1319 4117 κιρί

186 4133 281 4208 τους
303 4133 499 4222 θιρινοιλς
522 4133 705 4220 χρόνους,
740 4153 809 4202 cum
834 4137 943 4202 eodem
968 4137 1165 4203 substantivo
1186 4139 1207 4203 5
1229 4137 1319 4211 locis3
