3284 5142
1224 357 1264 422 87

277 551 311 632 3)
340 550 431 616 Cum
462 553 589 617 verbis
618 551 859 634 percipiendi
881 549 939 612 ἐπί
962 571 988 616 c.
1012 551 1115 618 Genit.
1140 570 1200 618 non
1225 553 1309 617 inve·

163 652 261 718 nitur
282 653 495 720 coniunctum.

276 755 310 838 4)
333 757 380 822 Eo
403 776 507 838 sensu,
530 763 571 823 ut
596 759 651 837 „in
673 756 798 840 Bezug
821 757 886 823 auf
907 766 968 802 —“
993 758 1222 824 reddendum
1245 759 1308 840 sit,

163 855 228 920 ἐπί
260 878 286 924 υ.
317 858 420 926 Genit.
451 861 511 927 hoc
544 880 607 928 uno
641 862 710 927 ioco
744 867 931 944 usurpatur:
965 860 1017 941 39,
1041 883 1068 925 ιε
1100 853 1247 942 ὁμοίως
1269 856 1310 921 δὲ

163 960 270 1024 τοῦτ’
302 959 409 1046 ἔδρων
442 966 506 1025 καὶ
540 962 606 1026 ἐπὶ
639 961 720 1027 τῶν
752 959 900 1037 ἄλλως
933 983 1027 1045 quam
1058 964 1249 1029 locutionem
1273 957 1308 1027 ὁ·

163 1067 279 1144 μονοις
301 1063 337 1128 δὲ
359 1069 416 1127 καὶ
438 1064 496 1127 ἐπί
518 1067 646 1132 Eueken
670 1069 715 1149 (p.
738 1066 795 1148 50)
817 1068 892 1133 dicit
909 1066 1114 1132 Aristotelem
1131 1068 1162 1132 in
1179 1069 1306 1150 scriptis

165 1170 351 1236 adamasse.

569 1425 612 1494 Β.
657 1425 743 1493 Cum
764 1425 909 1495 Dativo.

545 1633 579 1683 a.
624 1620 675 1682 In
704 1618 938 1685 Ponticis,

278 1789 377 1854 Locis·
393 1790 432 1854 21
457 1785 516 1849 ἐπί
537 1789 731 1870 praepositio
754 1807 824 1855 cum
847 1789 966 1854 Dativo
989 1791 1156 1856 coniuncta
1178 1797 1235 1856 est.

278 1895 308 1971 1)
332 1893 440 1958 Looaii
467 1913 562 1957 sensu
594 1894 731 1974 positum
760 1893 892 1958 eandem
916 1896 979 1959 vim
1000 1894 1106 1972 habet,
1130 1913 1226 1976 quam
1247 1892 1308 1956 ἐπί

169 2013 197 2060 υ
223 1994 338 2076 Genit,
360 2000 396 2060 ut
418 2013 494 2060 rem
517 1994 682 2076 significet,
706 1998 741 2060 in
764 2015 837 2078 qua
859 1997 949 2078 quid
972 1998 1138 2078 positum
1161 2001 1230 2076 est,
1253 2001 1310 2062 aut

170 2099 311 2179 iocum,
345 2099 407 2164 ubi
441 2100 526 2180 quis
558 2103 631 2179 est,
659 2105 844 2164 versatur:
875 2101 946 2181 141,
969 2121 1010 2165 tt:
1034 2097 1169 2161 τούτων
1192 2095 1228 2162 δὲ
1252 2101 1306 2180 (sc.

170 2197 319 2280 δουλῶν)
342 2198 422 2273 τούς
442 2202 563 2279 μὲν-
578 2189 667 2263 εἶναι
689 2195 852 2272 ἰδίους-
868 2199 962 2274 τους
984 2198 1015 2261 δ’
1038 2198 1103 2262 ἐπὶ
1126 2202 1174 2284 τῇ
1193 2202 1310 2285 κοινῇ

170 2307 215 2386 γῇ
239 2299 381 2377 κοινούς.
427 2304 475 2366 Ex
498 2303 559 2368 hoc
582 2323 642 2369 usu
664 2304 851 2387 explicanda
873 2308 956 2384 sunt,
973 2323 1054 2386 quae
1068 2304 1203 2386 figurate
1220 2305 1305 2370 dicta

170 2407 323 2488 leguntur
345 2409 419 2487 207,
442 2430 483 2472 ουτ
505 2405 609 2487 μόνος
629 2409 709 2470 τῶν
725 2443 765 2454 -
780 2406 841 2491 ἐφ’
862 2404 1052 2492 ἡγεμονίᾳ
1074 2409 1309 2489 γενομένων,

171 2511 228 2592 qui
250 2511 419 2593 imperium
441 2511 609 2592 tenebant3
633 2512 680 2578 cir
701 2512 774 2592 218,
790 2532 832 2576 ιιι
857 2506 891 2573 οἱ
904 2508 1091 2596 πρόβουλοι
1113 2510 1310 2574 καθεστᾶ-

172 2629 240 2675 σιν
261 2610 327 2674 ἐπὶ
349 2623 434 2687 τοῖς
455 2611 707 2696 βουλευταῖς,
729 2617 902 2698 praepositi
924 2621 999 2681 sunt
1024 2649 1062 2689 ·,-
1087 2651 1137 2679 -.

277 2717 411 2784 Duobus
433 2717 512 2784 locIs
533 2719 630 2783 idem
655 2719 774 2800 valet,
797 2725 909 2800 atque
931 2719 1183 2800 germanicum
1207 2720 1309 2798 „an“‚

175 2819 276 2899 „bei“
301 2821 345 2885 de
367 2821 449 2888 loco
472 2824 650 2903 positum:
675 2821 747 2902 187,
763 2845 805 2888 so:
821 2818 997 2904 Μάγνητος
1019 2815 1057 2883 οἱ
1071 2818 1135 2886 ἐπὶ
1155 2818 1309 2884 Μαιάν-

174 2919 269 3008 δριος
291 2925 363 3004 251,
386 2947 415 2988 o:
439 2917 477 2985 oi
497 2921 564 2986 ἐπὶ
585 2922 688 3010 Χυνῷ
711 2924 905 3011 (Χυτρῷῗ).

279 3028 314 3108 2)
337 3029 385 3091 Ex
412 3047 478 3108 usu*
502 3031 655 3140 primario
684 3029 788 3106 locali,
811 3049 874 3112 quo
896 3027 954 3091 ent
976 3049 1004 3096 c.
1026 3031 1100 3096 Dat.
1121 3047 1189 3123 rem
1212 3029 1308 3110 signi-

173 3130 258 3211 ficat,
292 3133 323 3197 in
357 3150 421 3213 qua
454 3133 530 3214 quid
563 3135 702 3214 positum
734 3137 793 3214 est,
825 3134 1016 3217 repetendus
1038 3133 1164 3210 videtur
1185 3133 1222 3213 is,
1245 3148 1308 3212 quo

175 3231 233 3295 ἐντί
263 3236 295 3300 in
324 3233 531 3315 significanda
560 3253 616 3317 re,
651 3237 709 3301 cui
738 3237 826 3318 quid
861 3236 1015 3302 additur
1047 3235 1107 3301 vel
1140 3234 1310 3301 additum

174 3342 233 3402 est
266 3343 449 3418 usurpatur,
482 3339 571 3404 cuius
605 3357 680 3404 usus
702 3341 854 3404 nnumin
876 3339 1017 3406 Politicis
1040 3342 1090 3404 est
1112 3337 1309 3418 exemplum:

173 3442 224 3521 23,
246 3465 288 3506 ti:
311 3438 377 3502 tat
398 3449 484 3513 τοῖς
505 3439 762 3524 πεντήκοντα
788 3439 972 3515 ταλάντοις
993 3438 1155 3522 ἐπέλαβον
1176 3436 1308 3503 ἔνατόν.

277 3544 327 3608 Ab
349 3545 409 3609 hac
432 3543 661 3625 significatione
683 3540 743 3604 ἐντι
765 3563 791 3610 υ.
814 3544 889 3610 Dat.
912 3561 950 3610 eo
973 3545 1099 3610 videtur
1120 3544 1247 3624 abiisse,
1272 3547 1308 3607 ut

175 3648 273 3712 idem
287 3647 435 3714 valeret
449 3652 562 3729 atque
577 3649 832 3730 germanicum
851 3648 1020 3733 „neben“,
1040 3647 1221 3729 „ausser“,
1235 3644 1310 3712 fen·
1386 3713 1393 3734 ,

173 3752 260 3815 nicu
272 3771 303 3816 m
329 3747 546 3832 „rinnalla“‚
572 3749 734 3832 „ohe11a“
756 3753 775 3817 i.
790 3771 817 3831 e,
832 3757 968 3834 praeter,
984 3753 1122 3833 insuper,
1138 3769 1233 3832 quam
1246 3750 1309 3816 vim

176 3852 273 3920 habet
302 3856 334 3920 in
357 3854 421 3920 his:
444 3855 496 3936 62,
519 3877 561 3920 ουτ
584 3851 649 3917 ἐπὶ
671 3852 733 3938 γάρ
757 3863 843 3928 τοῖς
865 3850 1099 3936 βασιλεῦσιν
1120 3887 1162 3898 --
1185 3847 1204 3936 ἡ
1228 3873 1310 3916 ναυ-

174 3959 277 4040 αρχία
300 3952 421 4036 σχεδὸν
442 3952 540 4042 ἑτέρα
561 3954 715 4040 βασιλεία
737 3958 954 4040 καθέστηκεν.

278 4061 312 4141 3)
337 4059 515 4140 Temporaii
535 4083 630 4128 sensu
653 4058 712 4122 ἐπί
734 4081 761 4127 c.
784 4062 859 4127 Dat.
882 4081 945 4127 non
969 4065 1017 4126 est
1038 4066 1240 4142 usurpatum.

276 4165 309 4242 4)
332 4163 381 4230 Ab
411 4182 471 4229 usu
501 4164 593 4232 locati
615 4184 688 4231 eum
711 4183 838 4247 quoque
861 4162 1040 4247 protectum
1062 4182 1133 4230 esse
1157 4169 1309 4246 putamus

175 4283 278 4348 usum,
307 4283 370 4349 quo
399 4264 456 4329 ext
483 4287 509 4332 υ.
537 4269 612 4334 Dat.
635 4286 745 4352 quem
769 4268 814 4332 ad
836 4267 950 4334 finem
971 4266 1029 4331 vel
1052 4284 1123 4348 quo
1147 4266 1309 4333 consilio
