3318 5144
1223 322 1266 386 43

179 517 285 598 aliqua
308 522 442 598 augetur·
465 517 622 599 (exempla
645 515 768 598 profert
788 517 917 581 Eucken
940 537 969 598 p.
993 517 1238 599 adextrare).
1271 518 1309 582 ln

180 619 251 686 Ath.
275 619 370 686 Polit.
393 621 438 686 sio
459 621 597 700 positum
620 639 683 685 non
707 620 874 686 invenitur.
903 621 949 685 Eo
972 626 1094 687 tantum
1109 640 1203 686 sensu
1219 639 1310 686 usur·

178 729 281 805 patur,
311 731 347 788 ut
374 723 457 789 idem
479 724 583 790 valeat
605 730 701 805 etque
723 723 855 789 latinum
880 723 1005 803 „fere“
1030 725 1081 789 uel
1105 725 1308 804 „circiter“

179 829 317 893 uulneris
340 828 497 893 additum:
520 829 572 908 27,
596 850 626 891 a:
650 824 687 891 ἐν
709 827 752 909 τῇ
773 823 872 888 πόλει
895 819 1016 913 (ἦσαν)
1034 864 1074 873 -
1089 867 1132 875 --
1154 823 1255 910 α’ρχαὶ
1278 824 1310 889 d'

178 925 314 1012 ἔνδημοι
344 932 407 1010 μὲν
435 931 488 1003 εἰς
517 926 787 1003 ἑπτακοσίους
820 923 968 1012 ἄνδρας
996 923 1173 1014 ὑπερόρια
1203 925 1234 991 d’
1255 929 1310 1004 εἰς

178 1029 452 1106 ἑπτακοσίους.

280 1257 330 1322 De
359 1257 468 1323 formis
496 1256 542 1330 εἰς
571 1260 604 1321 et
633 1253 666 1329 ἐς
693 1255 910 1322 adnotandum
940 1256 1066 1321 videtur
1087 1257 1308 1338 posteriorem,

178 1365 346 1442 postquam
369 1379 408 1424 ex
431 1359 555 1426 duobus
579 1361 667 1440 loeis,
690 1359 745 1424 ubi
769 1360 882 1423 vitiose
905 1355 934 1431 ἐς
955 1358 1077 1440 legerat
1100 1359 1243 1440 Kenyon,
1264 1358 1309 1442 (in

178 1463 315 1529 editione
349 1462 471 1542 anglica
504 1482 534 1544 p.
565 1464 595 1539 6,
618 1489 645 1527 17
675 1466 708 1527 et
737 1463 789 1540 24,
812 1466 836 1538 a)
866 1462 906 1526 ab
939 1463 1113 1528 editoribus
1143 1460 1309 1528 Germanis

177 1565 306 1631 sublata
327 1572 376 1631 est
398 1564 440 1647 (v.
463 1567 493 1646 2,
516 1590 545 1630 α
566 1571 599 1630 et
622 1565 651 1647 8,
676 1566 727 1646 ιο),
751 1582 906 1645 nusquam
930 1583 1093 1647 apparere,
1117 1563 1174 1630 sed
1190 1565 1308 1647 ubique

178 1675 303 1734 exstare
332 1668 387 1744 εἰς,
418 1689 520 1751 quam.
542 1669 681 1735 formam
708 1668 837 1734 Eueken
862 1669 894 1732 in
919 1668 1064 1734 omuibus
1087 1669 1213 1749 scriptis
1234 1687 1309 1732 vere

179 1773 389 1838 Aristotelicis
411 1772 510 1838 solam
536 1771 732 1853 probandam
755 1775 862 1836 censet
885 1769 927 1853 (v.
950 1790 980 1852 p.
1004 1769 1068 1853 36).

670 2055 703 2121 2.
758 2077 815 2137 ως.

279 2237 329 2300 Ex
360 2237 462 2303 tribus
495 2237 588 2317 loris,
622 2236 737 2318 quibus
773 2237 852 2300 haee
885 2237 1081 2319 praepositio
1114 2238 1146 2302 in
1180 2238 1305 2318 scriptis

177 2341 387 2406 Aristoteliois
412 2341 516 2421 posita
539 2346 653 2419 exstat,
677 2358 758 2405 unus
780 2345 830 2404 est
853 2339 1058 2406 Politioorum
1081 2341 1155 2420 252,
1177 2363 1219 2405 σοι
1244 2335 1309 2422 τήν

178 2453 320 2526 γυναῖκα
342 2438 452 2504 orienti
473 2440 653 2506 ἀνέπεισεν
675 2435 723 2516 ὥς
746 2435 873 2505 αὑτὸν
895 2440 1039 2508 ἐλθεῖν.

279 2545 383 2611 Semel
405 2539 450 2618 oie
473 2565 500 2612 c.
522 2548 596 2611 Ace.
619 2547 651 2610 in
675 2546 748 2611 Aah.
772 2545 867 2611 Polit.
890 2547 1079 2611 invenimus:
1102 2547 1155 2628 49,
1171 2567 1213 2612 m:
1237 2549 1310 2608 Λο-

178 2654 325 2729 σὶμαχον
353 2644 458 2731 αὐτῆς
488 2649 543 2732 (sc.
572 2651 633 2732 τῆς
659 2646 792 2732 βουλῆς)
826 2643 1045 2731 ἀγαγούσης
1077 2642 1125 2721 ὥς
1154 2648 1226 2714 τόν
1248 2646 1310 2733 dq'-

176 2772 289 2832 μιον.

279 2854 428 2921 Ceterum
462 2874 525 2920 nou
559 2855 698 2921 alienum
731 2857 857 2922 videtur
891 2874 1145 2938 commemorare,
1177 2857 1306 2924 Eucken

180 2979 210 3041 p.
244 2956 300 3043 36)
332 2960 445 3040 dicere,
480 2960 560 3025 haue
593 2961 863 3042 praepositionem
896 2962 928 3026 in
961 2960 1051 3026 libris
1085 2960 1308 3028 aristotelicis

178 3062 460 3145 pseudepigraphis
483 3081 638 3144 nusquam
662 3065 805 3148 reperiri.

660 3328 696 3396 3.
749 3319 827 3396 clod

280 3509 317 3573 ln
341 3527 505 3575 numerum
528 3512 797 3591 praepositionum
822 3529 893 3574 oum
919 3510 1103 3576 Accusativo
1125 3511 1308 3576 coniuncta·

179 3631 246 3677 rum
279 3612 400 3678 referre
434 3632 601 3694 possumus
635 3616 732 3680 etiam
761 3607 831 3677 οἷνά
859 3615 1134 3695 praepositionem,
1158 3615 1307 3695 quoniam

178 3716 262 3797 apud
284 3715 498 3791 Aristotelem,
522 3718 611 3781 utin
635 3719 721 3783 omui
743 3735 839 3800 prosa
862 3718 1013 3796 oratione,
1029 3734 1101 3782 cum
1118 3717 1308 3784 Accusativo

178 3819 245 3882 solo
268 3819 479 3899 coniungitur.
524 3820 629 3901 Atque
656 3823 746 3887 utin
770 3820 915 3886 omnibus
938 3820 1063 3902 scriptis
1086 3820 1307 3902 Aristoteliam,

179 3923 222 3987 sic
244 3923 276 3986 in
298 3921 440 3986 Politicis
463 3923 622 3988 invenitur
643 3942 726 3989 raro.
766 3923 909 4005 Excepta
930 3923 1055 3989 dicendi
1077 3920 1215 3988 lormula
1231 3919 1309 3985 οἶνοί

177 4025 304 4108 μέρος,
338 4042 422 4105 quae
454 4025 556 4091 tribus
589 4026 667 4092 loris
696 4027 812 4110 legitur
842 4027 928 4110 (112,
948 4047 989 4106 173
1018 4026 1090 4106 220,
1108 4046 1150 4105 οι;
1180 4025 1255 4107 267,
1267 4025 1308 4109 us)

179 4127 325 4209 idemque
359 4129 444 4194 valet
476 4133 574 4212 etque
602 4126 640 4192 ἐν
669 4131 770 4215 μέρει,
801 4148 858 4218 per
880 4131 974 4214 vices,
997 4146 1154 4216 nusquam
1177 4147 1309 4218 usurpa·

179 4235 230 4300 tur
252 4228 329 4300 ἀνά.
