3318 5144
1218 373 1263 443 m

172 575 303 660 aliquod
336 569 509 643 testimonii
543 579 600 641 ont
622 574 729 641 indicii
752 574 821 638 loco
844 572 985 654 affertur,
1008 573 1096 639 velut
1131 572 1181 654 16,
1204 594 1232 638 o:
1256 567 1307 638 dv

172 695 217 742 vs
238 673 310 762 γὰρ
332 687 418 752 τοῖς
440 673 600 763 ἅλλ[οι]ς
622 669 869 763 φιλοῖνθριιιτιιςΙ
890 669 935 759 ἢν
957 709 1060 728 -1-
1083 677 1149 739 καὶ
1173 669 1217 758 δὴ
1240 676 1307 736 ναὶ

172 790 246 856 τοῖς
268 775 438 867 metopon
459 777 674 866 προιδάνειζι
696 775 863 864 χρήματα,
899 781 1014 847 similia
1038 780 1088 862 17,
1112 799 1154 860 ιι;
1189 777 1243 862 18,
1257 773 1307 858 ἰις

174 887 226 966 20,
250 909 289 951 ιι.

278 989 331 1070 1⁴2)
354 986 447 1054 Unus
478 986 615 1068 proferri
647 990 755 1069 potest
787 987 885 1067 locus,
919 987 975 1052 ubi
1005 981 1308 1051 ἕνο.1)ιι1.ᾱὶιί-

175 1091 270 1160 dendi
286 1091 384 1158 verbo
400 1091 596 1172 adiunctum,
611 1089 747 1174 quibus
770 1089 861 1182 qnid
882 1088 1078 1172 dividatur
1098 1093 1165 1156 aut
1180 1087 1308 1155 distri·

174 1195 330 1270 bustur,
353 1194 524 1278 significat:
548 1197 599 1274 71,
623 1215 653 1258 s:
676 1193 917 1275 νενέμηνται
939 1190 1001 1276 γὰρ
1018 1227 1059 1239 -
1075 1227 1118 1238 -
1133 1174 1212 1253 δέκὸι
1226 1181 1309 1274 μέρη

175 1291 209 1360 οἱ
231 1293 400 1373 δικασταί,
421 1293 703 1382 παραπλῂσμως,
716 1293 785 1365 ἴσοι
800 1288 818 1358 ι’
824 1315 845 1357 ν
859 1290 927 1357 ἑκά
933 1309 1010 1381 osup
1027 1292 1082 1382 cpi
1095 1291 1308 1378 γράμματι.

281 1400 334 1482 13)
357 1402 448 1466 Duae
475 1401 679 1483 reperiuntur
700 1380 888 1480 locutiones,
922 1399 1091 1480 inquibus
1124 1397 1308 1479 quomodo

175 1504 265 1587 quid
287 1502 373 1584 iiat,
395 1498 436 1568 ἕν
457 1503 694 1587 praepositione
709 1500 921 1584 significatur:
943 1498 988 1565 ἐν
1009 1502 1121 1587 μέρει
1136 1503 1185 1584 ,ἰιι
1200 1499 1309 1596 vices“‚

177 1626 255 1691 „per
277 1609 380 1674 viccs“
414 1608 481 1690 (47,
504 1627 550 1687 ιι;
573 1606 625 1688 62,
648 1604 688 1688 ιι)
723 1609 757 1670 et
777 1598 822 1667 ἕν
844 1599 991 1691 κόσμῳτ
1017 1605 1069 1686 31,
1093 1626 1137 1670 no:
1160 1601 1232 1668 cdv
1253 1597 1310 1666 ἅλ-

175 1708 245 1774 low
266 1706 311 1774 ἐν
332 1707 464 1797 κόσμῳ
485 1707 662 1791 λεγόντων.

567 2067 572 2076 -
659 2028 694 2099 2.
748 2017 828 2096 σύι.

280 2227 368 2292 Haec
395 2227 592 2309 praepositio
621 2229 658 2290 ut
686 2223 772 2307 opud
802 2243 911 2292 omnes
933 2224 1000 2290 iere
1021 2239 1136 2308 prosae
1158 2225 1310 2292 orationis

177 2331 357 2412 scriptores,
392 2325 454 2416 [cir
487 2331 649 2412 egregium
683 2346 763 2410 opus
795 2328 832 2394 Τ.
855 2329 1070 2396 Mommsenii:
1100 2327 1249 2409 Beitrige
1271 2343 1312 2392 zu

179 2433 211 2498 d.
239 2432 343 2498 Lehre
371 2450 401 2498 v.
430 2433 461 2498 d.
491 2432 611 2514 griech.
641 2430 896 2512 Proposicionen,
928 2430 1006 2497 iosc-
1036 2431 1052 2495 Ι
1082 2429 1196 2512 (1886)
1230 2449 1260 2512 p.
1293 2431 1309 2495 l

178 2531 260 2624 sqq]‚
296 2536 342 2602 sio
375 2537 470 2602 etiam
501 2537 587 2617 apud
616 2535 822 2602 Aristotelem
852 2553 926 2600 raro
949 2533 1120 2600 admodum
1143 2535 1311 2600 invenitur.

178 2639 258 2706 Octo
290 2639 374 2705 enim
407 2645 483 2705 sunt
515 2639 548 2704 in
577 2639 704 2720 scriptis
732 2637 946 2704 Aristotelicis
975 2637 1047 2717 loci,
1070 2637 1185 2719 quibus
1206 2636 1313 2718 posits

176 2747 295 2823 exstat3
326 2760 407 2824 quos
435 2741 577 2824 singulos
605 2741 738 2824 protulit
767 2741 899 2807 Eucken
926 2759 957 2822 p.
980 2740 1022 2806 29
1043 2739 1105 2823 (cir
1127 2735 1307 2808 Mommsen

176 2847 368 2929 lupa

279 2949 317 3015 In
340 2948 490 3016 Politicis‘
504 2965 663 3030 nusquam
685 2948 801 3030 legitur
823 2941 899 3010 odo.

280 3053 318 3119 In
351 3052 556 3120 aluredo.
581 3053 785 3134 -exceptis
818 3057 855 3118 ut
887 3069 946 3134 par
979 3056 1035 3118 est·
1057 3047 1244 3133 fragmentis
1272 3069 1313 3115 ex

177 3155 370 3224 carnrinibus
403 3155 530 3223 Solonis
563 3155 674 3222 relatis
703 3191 742 3204 -
774 3154 889 3222 semol:
924 3155 978 3237 21,
1001 3177 1042 3221 to:
1073 3147 1118 3217 τὰ
1152 3149 1189 3215 dl
1221 3149 1313 3232 σύμ

177 3275 313 3323 uorsa
342 3260 399 3342 (sc.
422 3255 494 3343 ἔτη)
523 3255 601 3321 σιν
626 3255 685 3333 οἷς
716 3251 736 3321 o‘
766 3253 881 3342 πατὴρ
908 3248 1007 3344 ἧρξεν
1035 3252 1112 3332 ἑνὸς
1141 3253 1214 3320 δεῖν
1234 3274 1313 3320 usr-

178 3358 338 3448 τήκοντα.

282 3466 375 3545 Quod
394 3466 537 3533 'Euoken
570 3468 616 3549 (p.
642 3464 698 3550 29)
734 3467 820 3546 diolt,
854 3483 924 3532 reso
953 3465 993 3531 de
1022 3465 1207 3546 integritate
1228 3463 1313 3530 loco·

181 3589 251 3638 rum
289 3570 564 3638 Aristotelicorum
598 3570 654 3636 ubl
687 3571 729 3636 sit
763 3563 838 3645 σύν,
861 3567 1020 3648 dubitare,
1043 3567 1129 3650 quod
1151 3568 1191 3634 iis
1213 3567 1314 3634 omni·

181 3675 242 3740 bus
274 3689 333 3756 pro
367 3669 432 3736 oio
465 3672 636 3739 secundum
670 3690 763 3740 usum
785 3671 1025 3738 Aristotelicum
1053 3670 1150 3736 etism
1175 3665 1264 3750 peut
1285 3687 1311 3735 c.

183 3776 288 3844 Genit.
311 3781 397 3844 sture
418 3777 529 3860 possit,
553 3775 653 3860 (quod
675 3775 828 3859 exemplis
850 3773 957 3842 allatis
980 3773 1231 3856 demonstravit),
1253 3773 1314 3842 hoc

184 3899 253 3946 meo
283 3879 399 3947 iudicio
429 3897 493 3946 non
523 3881 600 3946 sotis
622 3878 749 3946 firmum
771 3881 821 3945 ost
843 3881 1075 3961 argumentum,
1098 3889 1162 3960 quo
1183 3876 1314 3942 adducti

184 3983 243 4050 hos
275 3983 362 4050 locos
394 3987 560 4065 corruptos
594 3999 789 4049 censeamus.
832 3982 921 4048 Licet
953 3981 1037 4046 enin
1058 3997 1117 4064 pro
1140 3975 1206 4044 σόν
1225 3977 1327 4070 pavit!

186 4104 212 4152 o.
234 4085 340 4152 Genit.
363 4105 481 4168 ponere
502 4087 673 4168 potnerit
695 4085 745 4168 A,
767 4091 874 4152 tamen
893 4097 957 4151 non
971 4087 1079 4168 potest
1093 4083 1313 4166 demonstran,

186 4208 259 4256 eum
288 4189 348 4256 hoo
375 4188 481 4256 iacere
511 4189 700 4256 debuisse.
742 4187 858 4270 ltaque
885 4205 962 4254 usus
984 4182 1049 4248 σύν
1070 4177 1315 4270 praepositionis

186 4291 227 4358 ab
257 4291 429 4360 Aristotele
459 4311 521 4360 non
550 4310 692 4376 prorsus,
722 4292 909 4374 mopinot,
936 4288 1166 4362 abiudicondus
1187 4295 1246 4367 ost,
1267 4289 1316 4357 id·

1195 4418 1214 4474 4
