3318 5144
399 389 441 454 32

357 579 615 664 οἷγωνιζόμενοςς
647 584 699 662 66,
723 607 750 648 r:
784 580 961 666 διατίθησι
991 579 1021 644 δ’
1054 580 1169 663 οἷγιδνα
1202 581 1266 646 τόν
1298 579 1486 667 ἐπιτάφιον

357 722 398 732 -
420 693 492 759 τοῖς
514 683 785 769 τετελευτηκόσιν
806 682 851 749 ἐν
872 686 924 770 τῷ
946 681 1111 772 πολέμῳ.

461 787 495 870 8)
518 789 627 868 Quali
650 791 687 854 in
710 791 946 872 condicione,
970 787 1138 871 fortuna,
1161 790 1242 856 loco
1266 791 1349 872 quis
1372 790 1435 870 sit,
1452 786 1487 853 ἐν

356 893 592 974 praepositione
614 893 800 973 exprimitur
828 895 877 974 12,
900 915 944 957 m:
980 888 1097 975 διῆγον
1117 892 1164 956 ἐν
1186 889 1345 978 ἦσυχίρς
1370 894 1418 974 17,
1443 913 1485 956 ιιι

356 989 468 1057 πολδν
490 990 615 1077 χρόνον
637 991 793 1074 ἔμεινεν
814 993 869 1074 [ἐν
891 993 939 1079 τῇ
961 989 1084 1079 ciphri,
1108 996 1155 1062 cir
1180 995 1228 1076 18,
1251 1017 1281 1076 ι;
1307 1032 1343 1044 -
1369 997 1420 1076 24,
1444 1016 1486 1059 rs:

245 1123 247 1130 >
358 1094 414 1160 δια
437 1096 502 1181 τήν
523 1093 686 1184 όποιμίαν
718 1098 799 1161 τοῖν
831 1097 874 1161 ἐν
903 1107 993 1170 ταῖς
1017 1094 1252 1180 δυνάμεσινς
1273 1098 1370 1180 38,ι;
1398 1091 1488 1160 οδὲν

357 1209 447 1274 ταῖς
468 1197 689 1285 ἑταιρείαις
711 1197 880 1275 ὄντες-
897 1196 930 1264 oi
952 1200 983 1263 δ’
1004 1197 1050 1264 ἐν
1071 1198 1249 1286 ἑταιρείᾳ
1265 1238 1306 1248 -
1322 1198 1487 1282 ου’δεμιᾷ

359 1304 698 1385 σογκαθεστιδτεςς
719 1308 770 1387 41,
794 1329 835 1371 ro:
869 1302 1022 1385 χαλεπῶς
1054 1341 1098 1352 -
1132 1301 1308 1390 φερόντων
1330 1300 1388 1367 ε’πί
1411 1301 1489 1366 τυό-

357 1424 428 1481 τοις
460 1407 540 1470 τῶν
572 1404 617 1472 ἐν
649 1411 694 1491 τῇ
727 1406 913 1493 πολιτείᾳ
947 1409 1019 1490 (der
1051 1408 1286 1492 Burgorscbait,
1320 1408 1358 1472 Κ.
1388 1413 1422 1473 et
1449 1406 1487 1470 Κ.

357 1530 388 1592 p.
411 1512 478 1592 62).

461 1615 519 1680 His
552 1615 703 1696 exemplis
732 1620 807 1697 apte
829 1615 963 1682 fortasse
986 1616 1114 1697 adiungi
1133 1621 1239 1697 potest
1260 1616 1349 1681 locus
1371 1614 1423 1696 35,
1445 1635 1488 1678 ιιι

358 1716 421 1800 τὴν
443 1712 569 1800 βουλὴν
589 1753 630 1764 -
645 1715 841 1801 ποιήσασαν
862 1712 1020 1792 ἐξέτασιν
1041 1712 1170 1798 <ἒν>
1192 1713 1331 1791 ὅπλοις
1352 1713 1490 1780 ἑλέσθαι

358 1818 437 1882 δέκα
459 1815 595 1905 ἄνδρας,
618 1822 673 1886 ubi
689 1821 728 1886 de
750 1824 855 1904 aemio,
873 1823 987 1904 quibus
1010 1824 1080 1904 quis
1102 1823 1232 1888 indutus
1255 1827 1304 1886 est
1318 1817 1359 1883 ἐν
1375 1838 1401 1884 c.
1417 1821 1489 1885 Dat.

358 1929 541 2006 usurpatur.
587 1924 639 1990 Sic
670 1925 752 1990 euim
787 1925 869 1991 huuc
892 1923 995 1991 locum
1016 1925 1288 2007 interpretandum
1312 1941 1435 2004 censeo,
1457 1929 1492 1988 ut

357 2028 496 2092 voluerit
512 2034 623 2093 auctor
639 2029 742 2093 dicere
757 2029 882 2109 milites,
899 2048 995 2110 quum
1011 2035 1259 2109 recenserentur,
1272 2033 1410 2094 armatos
1423 2046 1491 2092 esse

359 2131 518 2214 debuisse.
555 2137 557 2142 ’
673 2219 675 2224 ,
837 2132 840 2139 '

385 2311 387 2314 ¹
461 2235 604 2314 Quibus
626 2235 662 2300 in
686 2236 1007 2317 occupationibus
1030 2237 1113 2316 quis
1136 2238 1323 2315 versetur,
1347 2233 1407 2299 boc
1429 2251 1492 2298 uno

358 2339 428 2402 ioco
462 2333 501 2399 ἐν
524 2337 696 2419 significat:
730 2340 782 2415 20,
804 2360 831 2403 o:
865 2336 931 2420 τήν
963 2327 1158 2417 Μουνιχίαν
1180 2332 1370 2421 ἐπεχείρησε
1393 2339 1493 2414 τειχί-

359 2438 436 2515 ζειν,
456 2477 507 2516 -,
530 2435 573 2502 ἕν
596 2436 761 2513 τούτοις
785 2435 815 2500 δ’
839 2437 887 2503 ὧν
908 2437 1063 2514 ἐξέπεσεν
1085 2434 1153 2504 όπό
1178 2435 1393 2520 Κλεομένους.

462 2545 495 2624 9)
518 2543 572 2608 De
605 2563 657 2625 re,
690 2545 726 2609 iu
750 2563 820 2626 qua
842 2545 931 2626 quid
953 2544 1117 2624 positum
1141 2548 1211 2623 est,
1246 2563 1289 2610 ex
1312 2561 1383 2624 qua
1405 2542 1494 2623 quid

359 2647 509 2728 pendet,
542 2641 583 2709 ἐν
606 2664 630 2711 ο.
653 2647 727 2712 Dat.
751 2649 782 2711 in
818 2647 892 2711 ath.
927 2646 1021 2712 Polit.
1054 2665 1118 2712 non
1140 2650 1341 2728 usurpatur„
1367 2645 1416 2709 De
1438 2646 1494 2710 ho·

359 2751 495 2816 minibus
518 2754 636 2832 autem,
671 2769 826 2831 quorum
860 2751 896 2816 in
919 2754 1115 2830 potestate
1138 2750 1195 2815 vel
1218 2750 1382 2814 arbitrio
1404 2748 1495 2829 quid

359 2855 525 2935 positum
549 2861 621 2935 est,
645 2855 704 2919 boc
727 2872 790 2920 uuo
813 2854 883 2920 loco
904 2848 944 2916 ἕν
966 2861 1154 2936 usurpatum
1176 2855 1366 2919 invenimus:
1389 2851 1441 2931 39,
1465 2872 1495 2916 ιι

359 2951 400 3017 τό
424 2959 522 3041 κῦρος
544 2955 561 3018 ό
587 2950 629 3038 ἢν
661 2951 705 3019 ἕν
738 2965 825 3029 τοῖς
860 2957 1072 3030 δικασταῖς
1093 2953 1293 3031 κατέλυσαν,
1316 2972 1398 3039 quae
1420 2973 1496 3020 usus

362 3061 500 3126 varietas
523 3063 555 3126 in
577 3060 718 3127 Politicis
741 3067 875 3143 apparet
896 3078 1061 3143 nusquam.

464 3164 516 3242 10)
539 3162 610 3228 Pro
634 3163 762 3229 dativo
786 3165 1030 3229 instrumenti
1046 3157 1086 3226 ἓν
1101 3182 1128 3229 ο.
1143 3164 1216 3228 Dat.
1233 3182 1389 3245 nusquam
1406 3180 1497 3228 usur·

365 3269 475 3347 patum
498 3266 641 3348 legimus.

468 3372 518 3448 11)
546 3369 680 3452 Saepius
703 3374 808 3435 autem
830 3370 1033 3436 inveniuntur
1054 3370 1239 3448 locutiones,
1262 3373 1295 3438 in
1317 3371 1431 3452 quibus
1453 3363 1498 3431 ἐν

362 3486 388 3537 c.
407 3475 494 3539 Dat.
527 3474 623 3540 idem
657 3473 759 3539 valet
792 3477 904 3555 atque
925 3475 1138 3555 germanice
1173 3475 1229 3554 „iu
1252 3474 1378 3556 Bezug
1400 3472 1495 3548 aui“,

362 3575 660 3662 „hinsiohtlich“;
703 3575 754 3642 Sic
775 3576 805 3658 5,
830 3600 874 3642 ru:
898 3574 953 3640 ’ἐν
986 3574 1047 3650 οἷς
1075 3579 1263 3662 πειρῶνταί
1285 3574 1402 3660 τιν[ες]
1427 3571 1498 3637 δια·-

359 3679 497 3765 βοὶλλειν
520 3675 649 3756 αότόνς
680 3681 710 3761 5,
733 3701 774 3744 aa:
809 3677 852 3742 ου’
876 3675 938 3766 γὰρ
961 3676 1075 3764 ε[ίκδς]
1102 3676 1147 3743 ε’ν
1168 3681 1231 3761 μὲν
1252 3690 1339 3753 τοῖς
1361 3676 1500 3752 ἄλλοις

361 3781 452 3848 οὕτω
474 3786 614 3868 μέτριον
636 3783 852 3864 γενέσθαι-
876 3821 915 3830 -
939 3781 983 3847 ἕν
1006 3779 1111 3846 οότιο
1134 3780 1175 3845 δὲ
1196 3792 1355 3869 μικροῖς
1376 3801 1499 3869 καταρ-

360 3892 540 3976 ρυπαίνειν
560 3883 704 3963 ἑαυτόν,·
728 3888 777 3969 17,
796 3910 826 3953 s:
849 3884 951 3951 ου’δὲν
974 3883 1010 3950 δὲ
1025 3885 1072 3950 ,τό
1096 3871 1228 3971 πλῆθος
1250 3881 1325 3952 οὔδ’
1346 3882 1390 3951 ἐν
1412 3897 1500 3962 τοῖς

361 3987 475 4066 ἄλλοις
483 3979 787 4076 1παρ<ρν>όχλει
796 4013 807 4068 ,·
822 3994 874 4069 20,
887 4015 930 4058 aa:
945 3989 1247 4073 α’ποτυγχδνυντες
1264 4027 1297 4038 -
1314 3989 1356 4054 ἐν
1370 3987 1500 4054 ἅπασι

360 4104 446 4169 τοϊς
479 4089 629 4168 ἄλλοις.
674 4096 805 4162 Accedit
838 4098 955 4163 locutio
989 4096 1039 4162 vel
1073 4098 1178 4178 potius
1209 4097 1334 4163 dicendi
1363 4096 1501 4162 formula

359 4217 443 4280 quae
465 4204 514 4264 cst
534 4195 576 4261 ἔν
598 4214 639 4260 τε
660 4196 771 4284 (γάρ)
794 4209 880 4273 τοῖς
901 4194 1040 4270 ἄλλοις
1072 4234 1114 4245 -
1141 4201 1206 4260 καί
1231 4194 1294 4284 (oq
1318 4198 1411 4285 καί),
1435 4218 1498 4282 qua

359 4322 398 4372 ex
431 4301 569 4383 plurium
600 4304 748 4370 similium
775 4323 881 4369 rerum
908 4309 963 4370 aut
988 4304 1204 4385 exemplorum
1232 4322 1364 4370 numero
1401 4323 1501 4370 unum
