3284 5142
1227 383 1286 448 117

307 584 341 665 2)
369 579 561 663 Temporola's
583 603 663 648 usus
692 581 755 646 duo
778 553 1161 663 reperiunturexernpla:
1190 580 1263 659 250,
1287 599 1330 643 ro:

205 684 262 748 διὰ
295 681 335 749 «ὁ
365 683 400 746 ἐκ
423 679 611 765 καταλόγου
635 680 884 767 στρατεύεσθαι
899 676 983 752 ,ὕπὸ
1000 681 1072 745 τὸν
1095 679 1332 744 Λακωνικὸν

204 784 394 868 arnapam
427 789 500 868 261,
523 811 567 852 aa:
603 788 722 869 συνέβη
746 823 784 833 -
808 786 978 848 τοῦτο-
1002 778 1079 848 ὑπὸ
1114 782 1186 848 τόν
1209 786 1332 865 Μεση-

207 887 345 954 νιακὸν
365 888 563 982 ¹recitator,
598 893 630 958 in
664 892 778 974 quibus
802 884 869 952 ὑπό
892 890 1126 972 praepositione
1148 889 1332 969 temporis

205 997 370 1077 spatium
390 996 596 1079 significatur,
620 996 655 1061 in
678 1012 750 1078 quo
774 995 861 1077 quid
884 993 1033 1060 accidit.

306 1098 339 1181 3)
363 1098 464 1181 Saepe
497 1101 582 1181 apud
616 1100 819 1165 Aristotelem
853 1101 895 1176 (v.
918 1096 1049 1162 Euclren
1071 1114 1102 1177 p.
1125 1095 1180 1178 74)
1213 1086 1282 1155 ὑπό
1305 1109 1332 1155 c.

204 1203 276 1272 Aut.
310 1203 466 1268 translato
499 1221 593 1269 seusu
626 1208 805 1284 usurpatur,
841 1206 876 1266 ut
908 1200 941 1264 id
974 1197 1139 1280 significet,
1163 1199 1221 1264 cui
1244 1197 1331 1278 quid

204 1306 412 1371 subiectura
446 1309 511 1371 est
557 1306 659 1372 Huius
693 1323 768 1370 usus
803 1304 892 1369 haec·
914 1303 976 1369 duo
1010 1303 1040 1366 io
1075 1299 1215 1366 Politicis
1242 1317 1333 1380 repe-

204 1408 328 1472 riuntur
350 1408 510 1489 exempla:
545 1407 596 1488 91,
618 1429 647 1472 a:
670 1403 784 1490 μηδεὶς
820 1443 856 1450 -
890 1407 969 1466 τῶν
992 1401 1068 1466 ὑπὸ
1092 1401 1163 1474 τοὶς
1187 1394 1333 1482 συνθή-

205 1530 285 1583 κας,·
307 1510 379 1589 242,
402 1533 431 1574 t:
466 1503 520 1593 (αῖ
541 1505 661 1592 ἀρχαί)
695 1502 733 1570 αἱ
753 1502 829 1570 ὑπὸ
854 1503 1003 1580 ταύτας
1026 1504 1105 1591 (τὰς
1126 1501 1259 1589 ἀρχάς),
1284 1503 1333 1568 his

205 1610 347 1678 subiecti.

553 1801 589 1866 b.
633 1801 686 1864 In
714 1798 820 1866 Ath.
850 1800 989 1869 Pollt.

308 1931 377 2001 aad
400 1959 426 2004 c.
451 1941 524 2004 Aac.
548 1956 701 2020 nusquam
725 1939 893 2004 invenitur.

583 2329 645 2413 Vl.
673 2327 897 2438 Conspectus
910 2331 957 2434 *).

308 2525 376 2588 lam
399 2525 541 2606 explosito
564 2524 834 2605 praepositionum
857 2523 889 2588 in
912 2523 947 2586 P.
963 2527 996 2587 et
1016 2522 1048 2586 in
1072 2521 1110 2585 Α.
1134 2520 1170 2586 Ρ.
1186 2539 1256 2599 usu,
1272 2536 1336 2600 quo

205 2626 328 2692 facilius
349 2629 513 2708 appareat,
537 2627 711 2707 numquid
734 2627 910 2692 adirrmenti
931 2644 970 2689 ex
994 2625 1054 2689 hoc
1077 2643 1134 2690 usu
1158 2623 1198 2688 ad
1220 2640 1336 2702 coguo-

206 2731 352 2796 sccndam
386 2730 479 2794 huius
508 2728 581 2794 libri
603 2730 757 2812 originem
779 2730 880 2810 possit
902 2727 1020 2807 afferri,
1054 2725 1223 2791 videndum
1244 2725 1336 2790 nobis

205 2838 263 2908 est,
286 2850 441 2914 quaenam
465 2849 516 2896 res
539 2831 633 2897 huius
656 2850 732 2896 usus
754 2832 818 2896 sint
839 2831 998 2912 propriae.
1022 2829 1114 2906 Quod
1137 2845 1200 2908 quo
1223 2826 1336 2892 melius

204 2937 442 3018 perspiciamus,
476 2953 530 3000 eas
563 2953 642 3016 quas
671 2935 807 3000 vidimus
830 2934 912 2998 inter
934 2934 972 2998 Α.
996 2931 1031 2996 Ρ.
1054 2936 1088 2996 et
1109 2931 1144 2995 Ρ.
1167 2949 1238 2996 esse
1260 2947 1337 2997 usus

205 3038 426 3106 similitudines
459 3045 491 3104 et
524 3038 723 3104 diversitates
757 3038 789 3103 in
823 3043 992 3118 conspectu
1025 3053 1181 3118 ponamus
1208 3051 1337 3100 necesse

206 3147 263 3223 est,
287 3143 318 3207 iu
341 3143 611 3222 comparationem
641 3141 760 3206 vocatis
783 3141 899 3206 ceteris
921 3156 1048 3220 quoque
1070 3137 1158 3204 libris
1182 3137 1337 3203 Aristote-

206 3246 264 3311 leis
297 3250 330 3309 ct
362 3245 519 3310 communi
542 3245 721 3310 Atticorum
744 3262 815 3310 usu.
860 3242 1063 3324 Singulorum
1084 3241 1182 3323 igitur
1204 3257 1336 3323 praepo·

206 3350 356 3416 sitionum
378 3367 455 3416 usus
477 3348 617 3414 breviter
637 3365 869 3432 percurramus.

618 3635 916 3739 dmstpn

309 3811 413 3877 Huius
435 3809 680 3893 praepositionis
696 3828 782 3884 usna,
795 3809 898 3890 qualis
916 3809 1043 3874 omnino
1060 3807 1144 3889 apud
1161 3809 1198 3873 Α.
1215 3811 1274 3888 est,
1292 3809 1338 3872 ni-

207 3915 251 3981 hil
274 3914 417 3996 praebet,
441 3914 526 3995 quod
549 3932 568 3979 a
590 3915 748 3980 communi
771 3907 874 3978 Attice
897 3912 1021 3978 dicendi
1042 3912 1268 3979 cousuetudine
1283 3911 1339 3978 ab·

207 4019 339 4084 horreat
361 4015 421 4096 (cir
444 4015 572 4081 Eucken
595 4036 626 4099 p.
651 4016 694 4099 7).
719 4017 834 4098 Itaque
857 4017 889 4081 in
912 4016 947 4078 P.
970 4015 1048 4081 nihil
1070 4015 1255 4094 invenimus
1278 4015 1338 4080 nisi

207 4119 484 4202 pervulgatissima
504 4121 651 4202 exempla
673 4117 734 4200 (cir
756 4119 836 4183 Luta
859 4137 890 4200 p.
913 4119 957 4183 lo
977 4118 1048 4200 svp),
1074 4117 1150 4182 nihil
1166 4118 1251 4198 quod
1268 4118 1339 4184 Ari·

208 4259 412 4269 ——n—

312 4323 340 4390 ⁸)
359 4323 390 4378 P.
408 4347 433 4368 =
450 4319 580 4388 Politian,
598 4323 630 4378 Δ.
648 4322 679 4376 P.
697 4347 722 4368 =
740 4321 803 4376 Aah.
822 4319 919 4392 Polit3
938 4319 971 4374 Δ.
989 4345 1014 4366 =
1032 4317 1201 4374 Aristotelea.
