<?xml version="1.0" encoding="UTF-8"?>
<!DOCTYPE html PUBLIC "-//W3C//DTD XHTML 1.0 Transitional//EN"
    "http://www.w3.org/TR/xhtml1/DTD/xhtml1-transitional.dtd">
<html xmlns="http://www.w3.org/1999/xhtml" xml:lang="en" lang="en">
 <head>
  <title>
</title>
<meta http-equiv="Content-Type" content="text/html;charset=utf-8" />
  <meta name='ocr-system' content='tesseract 3.04.00' />
  <meta name='ocr-capabilities' content='ocr_page ocr_carea ocr_par ocr_line ocrx_word'/>
</head>
<body>
  <div class='ocr_page' id='page_1' title='image "./depraepositionu00hagfgoog_0109.png"; bbox 0 0 3284 5142; ppageno 0'>
   <div class='ocr_carea' id='block_1_1' title="bbox 396 393 438 457">
    <p class='ocr_par' dir='ltr' id='par_1_1' title="bbox 396 393 438 457">
     <span class='ocr_line' id='line_1_1' title="bbox 396 393 438 457; baseline 0.071 -3"><span class='ocrx_word' id='word_1_1' title='bbox 396 393 438 457; x_wconf 91' lang='grc'>94</span> 
     </span>
    </p>
   </div>
   <div class='ocr_carea' id='block_1_2' title="bbox 346 586 1491 4381">
    <p class='ocr_par' dir='ltr' id='par_1_2' title="bbox 352 586 1491 1182">
     <span class='ocr_line' id='line_1_2' title="bbox 353 586 1491 673; baseline 0.006 -22"><span class='ocrx_word' id='word_1_2' title='bbox 353 586 462 669; x_wconf 84' lang='lat' dir='ltr'>affigi</span> <span class='ocrx_word' id='word_1_3' title='bbox 485 595 547 654; x_wconf 88' lang='lat' dir='ltr'>aut</span> <span class='ocrx_word' id='word_1_4' title='bbox 570 589 680 670; x_wconf 78' lang='lat' dir='ltr'>infigi</span> <span class='ocrx_word' id='word_1_5' title='bbox 704 590 858 670; x_wconf 83' lang='lat' dir='ltr'>dicitur,</span> <span class='ocrx_word' id='word_1_6' title='bbox 882 593 964 656; x_wconf 89' lang='lat' dir='ltr'>sicut</span> <span class='ocrx_word' id='word_1_7' title='bbox 987 592 1220 673; x_wconf 76' lang='lat' dir='ltr'>praepositione</span> <span class='ocrx_word' id='word_1_8' title='bbox 1244 598 1328 667; x_wconf 84' lang='lat' dir='ltr'>,‚an“</span> <span class='ocrx_word' id='word_1_9' title='bbox 1355 597 1491 658; x_wconf 87' lang='lat' dir='ltr'>utuntur</span> 
     </span>
     <span class='ocr_line' id='line_1_3' title="bbox 354 689 1491 776; baseline 0.003 -23"><span class='ocrx_word' id='word_1_10' title='bbox 354 689 519 756; x_wconf 85' lang='lat' dir='ltr'>Germani:</span> <span class='ocrx_word' id='word_1_11' title='bbox 553 693 605 769; x_wconf 84' lang='grc'>54,</span> <span class='ocrx_word' id='word_1_12' title='bbox 640 715 668 755; x_wconf 92' lang='lat'>1:</span> <span class='ocrx_word' id='word_1_13' title='bbox 703 689 924 772; x_wconf 73' lang='grc' dir='ltr'><strong><em>ἐπιβάλλουσι</em></strong></span> <span class='ocrx_word' id='word_1_14' title='bbox 957 691 1082 776; x_wconf 79' lang='grc' dir='ltr'><strong><em>τροχὸν</em></strong></span> <span class='ocrx_word' id='word_1_15' title='bbox 1111 691 1174 758; x_wconf 78' lang='grc' dir='ltr'>ἐπὶ</span> <span class='ocrx_word' id='word_1_16' title='bbox 1207 692 1279 776; x_wconf 74' lang='grc' dir='ltr'>σὴν</span> <span class='ocrx_word' id='word_1_17' title='bbox 1314 691 1491 775; x_wconf 51' lang='lat' dir='ltr'>gudilam</span> 
     </span>
     <span class='ocr_line' id='line_1_4' title="bbox 353 789 1491 880; baseline -0.001 -22"><span class='ocrx_word' id='word_1_18' title='bbox 353 798 386 858; x_wconf 86' lang='lat' dir='ltr'>ct</span> <span class='ocrx_word' id='word_1_19' title='bbox 408 794 458 868; x_wconf 78' lang='lat'>71,</span> <span class='ocrx_word' id='word_1_20' title='bbox 482 816 512 858; x_wconf 85' lang='lat' dir='ltr'>a:</span> <span class='ocrx_word' id='word_1_21' title='bbox 545 791 711 876; x_wconf 77' lang='grc' dir='ltr'><em>ἐπέθηκε</em></span> <span class='ocrx_word' id='word_1_22' title='bbox 747 797 858 878; x_wconf 80' lang='grc' dir='ltr'><em>φέρων</em></span> <span class='ocrx_word' id='word_1_23' title='bbox 881 793 900 857; x_wconf 83' lang='grc' dir='ltr'>ὁ</span> <span class='ocrx_word' id='word_1_24' title='bbox 923 789 1088 879; x_wconf 74' lang='grc' dir='ltr'>ὑπηρέτης</span> <span class='ocrx_word' id='word_1_25' title='bbox 1121 794 1180 880; x_wconf 77' lang='grc' dir='ltr'>ἐφ’</span> <span class='ocrx_word' id='word_1_26' title='bbox 1213 796 1395 878; x_wconf 55' lang='lat' dir='ltr'>§naamon</span> <span class='ocrx_word' id='word_1_27' title='bbox 1419 795 1491 880; x_wconf 78' lang='grc' dir='ltr'><strong><em>δι]-</em></strong></span> 
     </span>
     <span class='ocr_line' id='line_1_5' title="bbox 353 891 1489 982; baseline 0.009 -28"><span class='ocrx_word' id='word_1_28' title='bbox 353 893 571 978; x_wconf 76' lang='grc' dir='ltr'><strong><em>καστήρισν</em></strong></span> <span class='ocrx_word' id='word_1_29' title='bbox 594 891 633 957; x_wconf 76' lang='grc' dir='ltr'>τὸ</span> <span class='ocrx_word' id='word_1_30' title='bbox 659 893 794 979; x_wconf 77' lang='grc' dir='ltr'><strong><em>γράμμα</em></strong></span> <span class='ocrx_word' id='word_1_31' title='bbox 817 896 856 959; x_wconf 76' lang='grc' dir='ltr'>τὸ</span> <span class='ocrx_word' id='word_1_32' title='bbox 881 893 997 977; x_wconf 79' lang='grc' dir='ltr'><strong><em>λαχὸν,</em></strong></span> <span class='ocrx_word' id='word_1_33' title='bbox 1021 901 1151 982; x_wconf 82' lang='lat' dir='ltr'>„nimmt</span> <span class='ocrx_word' id='word_1_34' title='bbox 1173 934 1214 945; x_wconf 89' lang='lat'>-</span> <span class='ocrx_word' id='word_1_35' title='bbox 1237 901 1288 965; x_wconf 92' lang='lat' dir='ltr'>die</span> <span class='ocrx_word' id='word_1_36' title='bbox 1304 899 1489 966; x_wconf 90' lang='lat' dir='ltr'>Buchstabe</span> 
     </span>
     <span class='ocr_line' id='line_1_6' title="bbox 353 997 1490 1078; baseline 0.004 -16"><span class='ocrx_word' id='word_1_37' title='bbox 353 1017 384 1061; x_wconf 90' lang='lat' dir='ltr'>u.</span> <span class='ocrx_word' id='word_1_38' title='bbox 407 997 554 1078; x_wconf 85' lang='lat' dir='ltr'>befestigt</span> <span class='ocrx_word' id='word_1_39' title='bbox 576 1001 622 1064; x_wconf 90' lang='lat' dir='ltr'>sie</span> <span class='ocrx_word' id='word_1_40' title='bbox 645 1019 684 1064; x_wconf 86' lang='lat' dir='ltr'>an</span> <span class='ocrx_word' id='word_1_41' title='bbox 707 1000 762 1063; x_wconf 91' lang='lat' dir='ltr'>der</span> <span class='ocrx_word' id='word_1_42' title='bbox 784 999 871 1063; x_wconf 84' lang='lat' dir='ltr'>Thur</span> <span class='ocrx_word' id='word_1_43' title='bbox 904 1001 962 1065; x_wconf 92' lang='lat' dir='ltr'>der</span> <span class='ocrx_word' id='word_1_44' title='bbox 984 1001 1198 1068; x_wconf 86' lang='lat' dir='ltr'>betreffenden</span> <span class='ocrx_word' id='word_1_45' title='bbox 1222 1001 1490 1068; x_wconf 85' lang='lat' dir='ltr'>Gerichtslocale“</span> 
     </span>
     <span class='ocr_line' id='line_1_7' title="bbox 352 1099 687 1182; baseline 0.009 -20"><span class='ocrx_word' id='word_1_46' title='bbox 352 1099 404 1181; x_wconf 89' lang='lat' dir='ltr'>(K.</span> <span class='ocrx_word' id='word_1_47' title='bbox 429 1105 461 1164; x_wconf 88' lang='lat' dir='ltr'>et</span> <span class='ocrx_word' id='word_1_48' title='bbox 483 1099 522 1164; x_wconf 87' lang='lat' dir='ltr'>K.</span> <span class='ocrx_word' id='word_1_49' title='bbox 546 1120 576 1182; x_wconf 92' lang='lat' dir='ltr'>p.</span> <span class='ocrx_word' id='word_1_50' title='bbox 601 1101 687 1176; x_wconf 81' lang='lat' dir='ltr'>loa).</span> 
     </span>
    </p>

    <p class='ocr_par' dir='ltr' id='par_1_3' title="bbox 346 1203 1491 1800">
     <span class='ocr_line' id='line_1_8' title="bbox 455 1203 1490 1290; baseline 0.006 -24"><span class='ocrx_word' id='word_1_51' title='bbox 455 1204 627 1282; x_wconf 80' lang='lat' dir='ltr'>Dolona,</span> <span class='ocrx_word' id='word_1_52' title='bbox 656 1223 718 1285; x_wconf 89' lang='lat' dir='ltr'>quo</span> <span class='ocrx_word' id='word_1_53' title='bbox 742 1205 879 1270; x_wconf 89' lang='lat' dir='ltr'>directus</span> <span class='ocrx_word' id='word_1_54' title='bbox 905 1211 954 1271; x_wconf 85' lang='lat' dir='ltr'>esi</span> <span class='ocrx_word' id='word_1_55' title='bbox 976 1211 1082 1272; x_wconf 87' lang='lat' dir='ltr'>motus</span> <span class='ocrx_word' id='word_1_56' title='bbox 1104 1203 1161 1266; x_wconf 75' lang='grc' dir='ltr'><strong><em>ἐισί</em></strong></span> <span class='ocrx_word' id='word_1_57' title='bbox 1184 1226 1209 1271; x_wconf 87' lang='lat' dir='ltr'>e.</span> <span class='ocrx_word' id='word_1_58' title='bbox 1234 1207 1307 1272; x_wconf 80' lang='lat' dir='ltr'>Ace.</span> <span class='ocrx_word' id='word_1_59' title='bbox 1329 1226 1490 1290; x_wconf 85' lang='lat' dir='ltr'>nusquam</span> 
     </span>
     <span class='ocr_line' id='line_1_9' title="bbox 352 1306 1490 1392; baseline 0.005 -24"><span class='ocrx_word' id='word_1_60' title='bbox 352 1308 490 1388; x_wconf 81' lang='lat' dir='ltr'>ponitur,</span> <span class='ocrx_word' id='word_1_61' title='bbox 514 1306 569 1371; x_wconf 90' lang='lat' dir='ltr'>sed</span> <span class='ocrx_word' id='word_1_62' title='bbox 592 1325 662 1372; x_wconf 92' lang='lat' dir='ltr'>cum</span> <span class='ocrx_word' id='word_1_63' title='bbox 686 1307 746 1371; x_wconf 88' lang='lat' dir='ltr'>hoc</span> <span class='ocrx_word' id='word_1_64' title='bbox 767 1326 831 1372; x_wconf 91' lang='lat' dir='ltr'>usu·</span> <span class='ocrx_word' id='word_1_65' title='bbox 851 1310 1026 1390; x_wconf 85' lang='lat' dir='ltr'>comparari</span> <span class='ocrx_word' id='word_1_66' title='bbox 1050 1313 1182 1390; x_wconf 85' lang='lat' dir='ltr'>possunt</span> <span class='ocrx_word' id='word_1_67' title='bbox 1197 1311 1276 1375; x_wconf 87' lang='lat' dir='ltr'>haee</span> <span class='ocrx_word' id='word_1_68' title='bbox 1297 1310 1490 1392; x_wconf 87' lang='lat' dir='ltr'>figurata:</span> 
     </span>
     <span class='ocr_line' id='line_1_10' title="bbox 353 1405 1489 1494; baseline 0.004 -22"><span class='ocrx_word' id='word_1_69' title='bbox 353 1411 404 1489; x_wconf 89' lang='grc'>41,</span> <span class='ocrx_word' id='word_1_70' title='bbox 427 1429 472 1473; x_wconf 81' lang='lat' dir='ltr'>aa:</span> <span class='ocrx_word' id='word_1_71' title='bbox 495 1406 558 1472; x_wconf 77' lang='grc' dir='ltr'>ἐπὶ</span> <span class='ocrx_word' id='word_1_72' title='bbox 579 1411 701 1492; x_wconf 75' lang='grc' dir='ltr'><strong><em>πέρας</em></strong></span> <span class='ocrx_word' id='word_1_73' title='bbox 722 1409 784 1492; x_wconf 74' lang='grc' dir='ltr'>γάρ</span> <span class='ocrx_word' id='word_1_74' title='bbox 800 1405 897 1493; x_wconf 72' lang='grc' dir='ltr'><strong><em>ἤγαγε</em></strong></span> <span class='ocrx_word' id='word_1_75' title='bbox 913 1406 977 1493; x_wconf 71' lang='grc' dir='ltr'>τήν</span> <span class='ocrx_word' id='word_1_76' title='bbox 993 1409 1128 1494; x_wconf 75' lang='grc' dir='ltr'><strong><em>εἰρήνην</em></strong></span> <span class='ocrx_word' id='word_1_77' title='bbox 1144 1414 1343 1486; x_wconf 84' lang='grc' dir='ltr'><strong><em>Παυσανίας</em></strong></span> <span class='ocrx_word' id='word_1_78' title='bbox 1353 1435 1363 1487; x_wconf 90' lang='lat'>,·</span> <span class='ocrx_word' id='word_1_79' title='bbox 1378 1415 1430 1494; x_wconf 83' lang='lat'>26,</span> <span class='ocrx_word' id='word_1_80' title='bbox 1445 1435 1489 1478; x_wconf 87' lang='lat'>11:</span> 
     </span>
     <span class='ocr_line' id='line_1_11' title="bbox 351 1507 1489 1599; baseline 0.006 -28"><span class='ocrx_word' id='word_1_81' title='bbox 351 1509 419 1576; x_wconf 74' lang='grc' dir='ltr'>ἐπὶ</span> <span class='ocrx_word' id='word_1_82' title='bbox 441 1509 476 1574; x_wconf 79' lang='grc' dir='ltr'>δὲ</span> <span class='ocrx_word' id='word_1_83' title='bbox 498 1507 572 1593; x_wconf 75' lang='grc' dir='ltr'>τὴν</span> <span class='ocrx_word' id='word_1_84' title='bbox 596 1507 827 1576; x_wconf 75' lang='grc' dir='ltr'><strong><em>ἀπόστασιν</em></strong></span> <span class='ocrx_word' id='word_1_85' title='bbox 849 1513 913 1596; x_wconf 73' lang='grc' dir='ltr'>τήν</span> <span class='ocrx_word' id='word_1_86' title='bbox 935 1514 1006 1576; x_wconf 73' lang='grc' dir='ltr'>τῶν</span> <span class='ocrx_word' id='word_1_87' title='bbox 1028 1512 1152 1577; x_wconf 78' lang='grc' dir='ltr'><strong><em>Ἰώνων</em></strong></span> <span class='ocrx_word' id='word_1_88' title='bbox 1169 1554 1207 1562; x_wconf 84' lang='grc'><strong>-</strong></span> <span class='ocrx_word' id='word_1_89' title='bbox 1226 1511 1489 1599; x_wconf 72' lang='grc' dir='ltr'><strong><em>-Ἅρισνείδης</em></strong></span> 
     </span>
     <span class='ocr_line' id='line_1_12' title="bbox 346 1608 1491 1703; baseline 0.001 -24"><span class='ocrx_word' id='word_1_90' title='bbox 346 1608 395 1680; x_wconf 72' lang='lat' dir='ltr'>‘&#39;l&#39;v</span> <span class='ocrx_word' id='word_1_91' title='bbox 418 1612 435 1676; x_wconf 86' lang='grc' dir='ltr'>ὁ</span> <span class='ocrx_word' id='word_1_92' title='bbox 458 1615 677 1699; x_wconf 78' lang='grc' dir='ltr'><strong><em>αρστρέψιις,·</em></strong></span> <span class='ocrx_word' id='word_1_93' title='bbox 708 1617 759 1695; x_wconf 90' lang='grc'>29,</span> <span class='ocrx_word' id='word_1_94' title='bbox 784 1639 827 1681; x_wconf 81' lang='lat'>15:</span> <span class='ocrx_word' id='word_1_95' title='bbox 860 1615 1078 1703; x_wconf 74' lang='grc' dir='ltr'><strong><em>προύτρεψεν</em></strong></span> <span class='ocrx_word' id='word_1_96' title='bbox 1110 1613 1174 1700; x_wconf 72' lang='grc' dir='ltr'>τήν</span> <span class='ocrx_word' id='word_1_97' title='bbox 1203 1615 1307 1680; x_wconf 74' lang='grc' dir='ltr'><strong><em>πόλιν</em></strong></span> <span class='ocrx_word' id='word_1_98' title='bbox 1330 1617 1394 1683; x_wconf 77' lang='grc' dir='ltr'>ἐπὶ</span> <span class='ocrx_word' id='word_1_99' title='bbox 1416 1618 1491 1702; x_wconf 73' lang='grc' dir='ltr'>τὴν</span> 
     </span>
     <span class='ocr_line' id='line_1_13' title="bbox 352 1714 753 1800; baseline 0 -22"><span class='ocrx_word' id='word_1_100' title='bbox 352 1715 546 1800; x_wconf 79' lang='grc' dir='ltr'><strong><em>νανσιιιήν</em></strong></span> <span class='ocrx_word' id='word_1_101' title='bbox 568 1714 753 1797; x_wconf 80' lang='grc' dir='ltr'><strong><em>δύναμιν.</em></strong></span> 
     </span>
    </p>

    <p class='ocr_par' dir='ltr' id='par_1_4' title="bbox 351 1822 1490 2198">
     <span class='ocr_line' id='line_1_14' title="bbox 454 1822 1490 1906; baseline 0.007 -21"><span class='ocrx_word' id='word_1_102' title='bbox 454 1822 487 1900; x_wconf 80' lang='lat'>2)</span> <span class='ocrx_word' id='word_1_103' title='bbox 511 1822 564 1885; x_wconf 90' lang='lat' dir='ltr'>De</span> <span class='ocrx_word' id='word_1_104' title='bbox 586 1822 681 1902; x_wconf 86' lang='lat' dir='ltr'>loco,</span> <span class='ocrx_word' id='word_1_105' title='bbox 718 1841 784 1904; x_wconf 89' lang='lat' dir='ltr'>per</span> <span class='ocrx_word' id='word_1_106' title='bbox 817 1842 923 1904; x_wconf 92' lang='lat' dir='ltr'>quem</span> <span class='ocrx_word' id='word_1_107' title='bbox 946 1824 1035 1904; x_wconf 92' lang='lat' dir='ltr'>quid</span> <span class='ocrx_word' id='word_1_108' title='bbox 1058 1826 1206 1906; x_wconf 86' lang='lat' dir='ltr'>porrigi</span> <span class='ocrx_word' id='word_1_109' title='bbox 1229 1825 1355 1906; x_wconf 89' lang='lat' dir='ltr'>dicitur,</span> <span class='ocrx_word' id='word_1_110' title='bbox 1379 1822 1437 1885; x_wconf 79' lang='grc' dir='ltr'>ἐπί</span> <span class='ocrx_word' id='word_1_111' title='bbox 1462 1845 1490 1891; x_wconf 87' lang='lat' dir='ltr'>o.</span> 
     </span>
     <span class='ocr_line' id='line_1_15' title="bbox 351 1926 1490 2010; baseline 0.004 -20"><span class='ocrx_word' id='word_1_112' title='bbox 351 1926 426 1990; x_wconf 86' lang='lat' dir='ltr'>Ace.</span> <span class='ocrx_word' id='word_1_113' title='bbox 449 1944 604 2006; x_wconf 81' lang='lat' dir='ltr'>nusquam</span> <span class='ocrx_word' id='word_1_114' title='bbox 627 1931 813 2006; x_wconf 89' lang='lat' dir='ltr'>usurpatum</span> <span class='ocrx_word' id='word_1_115' title='bbox 838 1931 897 2001; x_wconf 88' lang='lat' dir='ltr'>ast,</span> <span class='ocrx_word' id='word_1_116' title='bbox 931 1947 1033 2008; x_wconf 88' lang='lat' dir='ltr'>neque</span> <span class='ocrx_word' id='word_1_117' title='bbox 1056 1947 1110 1992; x_wconf 87' lang='lat' dir='ltr'>eas</span> <span class='ocrx_word' id='word_1_118' title='bbox 1134 1928 1320 2009; x_wconf 89' lang='lat' dir='ltr'>locutiones,</span> <span class='ocrx_word' id='word_1_119' title='bbox 1343 1949 1490 2010; x_wconf 87' lang='lat' dir='ltr'>quasex</span> 
     </span>
     <span class='ocr_line' id='line_1_16' title="bbox 352 2029 1490 2111; baseline 0.005 -20"><span class='ocrx_word' id='word_1_120' title='bbox 352 2029 411 2093; x_wconf 89' lang='lat' dir='ltr'>hoc</span> <span class='ocrx_word' id='word_1_121' title='bbox 447 2047 506 2093; x_wconf 87' lang='lat' dir='ltr'>usu</span> <span class='ocrx_word' id='word_1_122' title='bbox 540 2029 691 2109; x_wconf 83' lang='lat' dir='ltr'>originem</span> <span class='ocrx_word' id='word_1_123' title='bbox 717 2029 843 2094; x_wconf 85' lang='lat' dir='ltr'>duxisse</span> <span class='ocrx_word' id='word_1_124' title='bbox 868 2029 1002 2094; x_wconf 86' lang='lat' dir='ltr'>diximus</span> <span class='ocrx_word' id='word_1_125' title='bbox 1036 2049 1066 2111; x_wconf 94' lang='lat' dir='ltr'>p.</span> <span class='ocrx_word' id='word_1_126' title='bbox 1090 2030 1141 2111; x_wconf 84' lang='grc'>92,</span> <span class='ocrx_word' id='word_1_127' title='bbox 1171 2031 1202 2094; x_wconf 96' lang='lat' dir='ltr'>in</span> <span class='ocrx_word' id='word_1_128' title='bbox 1226 2030 1301 2095; x_wconf 76' lang='lat' dir='ltr'>Aah.</span> <span class='ocrx_word' id='word_1_129' title='bbox 1324 2031 1417 2096; x_wconf 90' lang='lat' dir='ltr'>Polit.</span> <span class='ocrx_word' id='word_1_130' title='bbox 1442 2033 1490 2098; x_wconf 93' lang='lat' dir='ltr'>in-</span> 
     </span>
     <span class='ocr_line' id='line_1_17' title="bbox 354 2133 506 2198; baseline 0.013 -4"><span class='ocrx_word' id='word_1_131' title='bbox 354 2133 506 2198; x_wconf 85' lang='lat' dir='ltr'>venimus.</span> 
     </span>
    </p>

    <p class='ocr_par' dir='ltr' id='par_1_5' title="bbox 350 2233 1490 2937">
     <span class='ocr_line' id='line_1_18' title="bbox 454 2233 1490 2321; baseline 0.004 -21"><span class='ocrx_word' id='word_1_132' title='bbox 454 2235 517 2300; x_wconf 85' lang='lat' dir='ltr'>Sed</span> <span class='ocrx_word' id='word_1_133' title='bbox 553 2256 592 2300; x_wconf 87' lang='lat' dir='ltr'>ex</span> <span class='ocrx_word' id='word_1_134' title='bbox 628 2235 688 2300; x_wconf 88' lang='lat' dir='ltr'>hoc</span> <span class='ocrx_word' id='word_1_135' title='bbox 711 2255 769 2300; x_wconf 93' lang='lat' dir='ltr'>usu</span> <span class='ocrx_word' id='word_1_136' title='bbox 794 2236 981 2301; x_wconf 87' lang='lat' dir='ltr'>translatum</span> <span class='ocrx_word' id='word_1_137' title='bbox 1003 2233 1060 2297; x_wconf 78' lang='grc' dir='ltr'><strong><em>ἐιιι</em></strong></span> <span class='ocrx_word' id='word_1_138' title='bbox 1082 2242 1269 2318; x_wconf 87' lang='lat' dir='ltr'>usurpatum</span> <span class='ocrx_word' id='word_1_139' title='bbox 1294 2238 1403 2303; x_wconf 89' lang='lat' dir='ltr'>estad</span> <span class='ocrx_word' id='word_1_140' title='bbox 1427 2240 1490 2321; x_wconf 90' lang='lat' dir='ltr'>sig·</span> 
     </span>
     <span class='ocr_line' id='line_1_19' title="bbox 351 2338 1489 2422; baseline 0.004 -20"><span class='ocrx_word' id='word_1_141' title='bbox 351 2338 542 2403; x_wconf 89' lang='lat' dir='ltr'>nificandum</span> <span class='ocrx_word' id='word_1_142' title='bbox 558 2339 738 2418; x_wconf 88' lang='lat' dir='ltr'>temporis</span> <span class='ocrx_word' id='word_1_143' title='bbox 761 2339 939 2419; x_wconf 86' lang='lat' dir='ltr'>spatium,</span> <span class='ocrx_word' id='word_1_144' title='bbox 962 2358 1027 2420; x_wconf 89' lang='lat' dir='ltr'>per</span> <span class='ocrx_word' id='word_1_145' title='bbox 1042 2341 1142 2422; x_wconf 90' lang='lat' dir='ltr'>quod</span> <span class='ocrx_word' id='word_1_146' title='bbox 1160 2341 1261 2405; x_wconf 89' lang='lat' dir='ltr'>actio</span> <span class='ocrx_word' id='word_1_147' title='bbox 1277 2341 1409 2421; x_wconf 87' lang='lat' dir='ltr'>aliqua</span> <span class='ocrx_word' id='word_1_148' title='bbox 1424 2348 1489 2407; x_wconf 86' lang='lat' dir='ltr'>aut</span> 
     </span>
     <span class='ocr_line' id='line_1_20' title="bbox 350 2439 1488 2524; baseline 0.004 -19"><span class='ocrx_word' id='word_1_149' title='bbox 350 2460 392 2506; x_wconf 87' lang='lat' dir='ltr'>ea</span> <span class='ocrx_word' id='word_1_150' title='bbox 429 2460 523 2521; x_wconf 89' lang='lat' dir='ltr'>quae</span> <span class='ocrx_word' id='word_1_151' title='bbox 557 2443 710 2505; x_wconf 89' lang='lat' dir='ltr'>actione</span> <span class='ocrx_word' id='word_1_152' title='bbox 744 2439 886 2505; x_wconf 84' lang='lat' dir='ltr'>effecta</span> <span class='ocrx_word' id='word_1_153' title='bbox 916 2448 1003 2507; x_wconf 91' lang='lat' dir='ltr'>sunt</span> <span class='ocrx_word' id='word_1_154' title='bbox 1035 2461 1256 2524; x_wconf 87' lang='lat' dir='ltr'>permanere</span> <span class='ocrx_word' id='word_1_155' title='bbox 1289 2443 1488 2509; x_wconf 86' lang='lat' dir='ltr'>dicuntur:</span> 
     </span>
     <span class='ocr_line' id='line_1_21' title="bbox 351 2536 1487 2627; baseline 0.001 -21"><span class='ocrx_word' id='word_1_156' title='bbox 351 2544 379 2622; x_wconf 78' lang='lat'>7,</span> <span class='ocrx_word' id='word_1_157' title='bbox 402 2565 445 2608; x_wconf 80' lang='lat' dir='ltr'>aa:</span> <span class='ocrx_word' id='word_1_158' title='bbox 481 2536 499 2624; x_wconf 81' lang='grc' dir='ltr'><em>ἡ</em></span> <span class='ocrx_word' id='word_1_159' title='bbox 534 2540 637 2623; x_wconf 75' lang='grc' dir='ltr'><em>βουλή</em></span> <span class='ocrx_word' id='word_1_160' title='bbox 673 2579 712 2588; x_wconf 91' lang='grc'>-</span> <span class='ocrx_word' id='word_1_161' title='bbox 746 2545 890 2626; x_wconf 80' lang='grc' dir='ltr'><strong><em>κρίνασα</em></strong></span> <span class='ocrx_word' id='word_1_162' title='bbox 925 2579 964 2586; x_wconf 90' lang='grc'>-</span> <span class='ocrx_word' id='word_1_163' title='bbox 1001 2543 1064 2607; x_wconf 78' lang='grc' dir='ltr'>τόν</span> <span class='ocrx_word' id='word_1_164' title='bbox 1086 2542 1278 2627; x_wconf 76' lang='grc' dir='ltr'><strong><em>ἐπιτήδειον</em></strong></span> <span class='ocrx_word' id='word_1_165' title='bbox 1303 2583 1339 2592; x_wconf 91' lang='lat'>-</span> <span class='ocrx_word' id='word_1_166' title='bbox 1365 2583 1406 2592; x_wconf 89' lang='lat'>—</span> <span class='ocrx_word' id='word_1_167' title='bbox 1428 2544 1487 2608; x_wconf 74' lang='grc' dir='ltr'>ἐπ’</span> 
     </span>
     <span class='ocr_line' id='line_1_22' title="bbox 350 2641 1489 2732; baseline 0.005 -26"><span class='ocrx_word' id='word_1_168' title='bbox 350 2641 584 2728; x_wconf 78' lang='grc' dir='ltr'>[ἐν]ια[ντ]ὂν</span> <span class='ocrx_word' id='word_1_169' title='bbox 619 2643 847 2732; x_wconf 51' lang='lat' dir='ltr'>lecdecumba</span> <span class='ocrx_word' id='word_1_170' title='bbox 876 2644 1101 2723; x_wconf 75' lang='grc' dir='ltr'><strong><em>α’νιὲστελλεν,·</em></strong></span> <span class='ocrx_word' id='word_1_171' title='bbox 1127 2653 1173 2731; x_wconf 70' lang='grc'>12,</span> <span class='ocrx_word' id='word_1_172' title='bbox 1191 2672 1235 2712; x_wconf 83' lang='lat'>27:</span> <span class='ocrx_word' id='word_1_173' title='bbox 1259 2647 1322 2713; x_wconf 75' lang='grc' dir='ltr'>ἐπὶ</span> <span class='ocrx_word' id='word_1_174' title='bbox 1343 2651 1407 2729; x_wconf 81' lang='grc' dir='ltr'>μὲν</span> <span class='ocrx_word' id='word_1_175' title='bbox 1422 2647 1489 2732; x_wconf 76' lang='grc' dir='ltr'>ἔτη</span> 
     </span>
     <span class='ocr_line' id='line_1_23' title="bbox 350 2745 1489 2835; baseline 0.004 -25"><span class='ocrx_word' id='word_1_176' title='bbox 350 2752 499 2832; x_wconf 75' lang='grc' dir='ltr'><strong><em>τέσσαρα</em></strong></span> <span class='ocrx_word' id='word_1_177' title='bbox 523 2745 642 2831; x_wconf 77' lang='grc' dir='ltr'><strong><em>διῆγον</em></strong></span> <span class='ocrx_word' id='word_1_178' title='bbox 665 2747 700 2810; x_wconf 81' lang='grc' dir='ltr'>ἓν</span> <span class='ocrx_word' id='word_1_179' title='bbox 724 2747 867 2834; x_wconf 67' lang='grc' dir='ltr'><strong><em>ἡσσχίρι;</em></strong></span> <span class='ocrx_word' id='word_1_180' title='bbox 889 2754 940 2832; x_wconf 89' lang='grc'>24,</span> <span class='ocrx_word' id='word_1_181' title='bbox 964 2774 1007 2815; x_wconf 83' lang='lat' dir='ltr'>aa:</span> <span class='ocrx_word' id='word_1_182' title='bbox 1030 2749 1096 2815; x_wconf 74' lang='grc' dir='ltr'>ἐπὶ</span> <span class='ocrx_word' id='word_1_183' title='bbox 1119 2789 1159 2796; x_wconf 96' lang='grc'><strong>-</strong></span> <span class='ocrx_word' id='word_1_184' title='bbox 1175 2750 1239 2835; x_wconf 74' lang='grc' dir='ltr'>ἔτη</span> <span class='ocrx_word' id='word_1_185' title='bbox 1263 2750 1289 2832; x_wconf 74' lang='grc' dir='ltr'>γ’</span> <span class='ocrx_word' id='word_1_186' title='bbox 1312 2751 1394 2824; x_wconf 81' lang='grc' dir='ltr'>σούς</span> <span class='ocrx_word' id='word_1_187' title='bbox 1416 2752 1489 2815; x_wconf 75' lang='grc' dir='ltr'>τῶν</span> 
     </span>
     <span class='ocr_line' id='line_1_24' title="bbox 353 2849 919 2937; baseline 0.004 -26"><span class='ocrx_word' id='word_1_188' title='bbox 353 2849 533 2935; x_wconf 82' lang='grc' dir='ltr'><strong><em>τυράννων</em></strong></span> <span class='ocrx_word' id='word_1_189' title='bbox 557 2849 677 2936; x_wconf 75' lang='grc' dir='ltr'><strong><em>φίλους</em></strong></span> <span class='ocrx_word' id='word_1_190' title='bbox 700 2849 919 2937; x_wconf 70' lang='grc' dir='ltr'><strong><em>ω’σσράιιιζον.</em></strong></span> 
     </span>
    </p>

    <p class='ocr_par' dir='ltr' id='par_1_6' title="bbox 347 2955 1488 3348">
     <span class='ocr_line' id='line_1_25' title="bbox 450 2955 1488 3040; baseline 0.006 -21"><span class='ocrx_word' id='word_1_191' title='bbox 450 2955 484 3038; x_wconf 87' lang='grc'>3)</span> <span class='ocrx_word' id='word_1_192' title='bbox 508 2955 598 3020; x_wconf 79' lang='lat' dir='ltr'>Cum</span> <span class='ocrx_word' id='word_1_193' title='bbox 621 2956 865 3022; x_wconf 72' lang='lat' dir='ltr'>accusativis</span> <span class='ocrx_word' id='word_1_194' title='bbox 888 2977 1136 3040; x_wconf 89' lang='lat' dir='ltr'>personarum</span> <span class='ocrx_word' id='word_1_195' title='bbox 1165 2955 1223 3019; x_wconf 74' lang='grc' dir='ltr'>ἐπί</span> <span class='ocrx_word' id='word_1_196' title='bbox 1244 2978 1271 3023; x_wconf 89' lang='lat' dir='ltr'>c.</span> <span class='ocrx_word' id='word_1_197' title='bbox 1294 2960 1368 3024; x_wconf 85' lang='lat' dir='ltr'>Ace.</span> <span class='ocrx_word' id='word_1_198' title='bbox 1392 2959 1488 3026; x_wconf 90' lang='lat' dir='ltr'>locali</span> 
     </span>
     <span class='ocr_line' id='line_1_26' title="bbox 349 3060 1487 3143; baseline 0.003 -22"><span class='ocrx_word' id='word_1_199' title='bbox 349 3077 444 3123; x_wconf 88' lang='lat' dir='ltr'>sensu</span> <span class='ocrx_word' id='word_1_200' title='bbox 467 3078 529 3124; x_wconf 93' lang='lat' dir='ltr'>non</span> <span class='ocrx_word' id='word_1_201' title='bbox 552 3064 602 3124; x_wconf 90' lang='lat' dir='ltr'>est</span> <span class='ocrx_word' id='word_1_202' title='bbox 624 3060 836 3140; x_wconf 84' lang='lat' dir='ltr'>coniunctum,</span> <span class='ocrx_word' id='word_1_203' title='bbox 860 3061 920 3126; x_wconf 88' lang='lat' dir='ltr'>nisi</span> <span class='ocrx_word' id='word_1_204' title='bbox 943 3061 1111 3127; x_wconf 86' lang='lat' dir='ltr'>hocloco:</span> <span class='ocrx_word' id='word_1_205' title='bbox 1148 3065 1197 3143; x_wconf 78' lang='lat'>43,</span> <span class='ocrx_word' id='word_1_206' title='bbox 1220 3085 1264 3126; x_wconf 78' lang='lat' dir='ltr'>aa:</span> <span class='ocrx_word' id='word_1_207' title='bbox 1300 3061 1487 3142; x_wconf 72' lang='grc' dir='ltr'><strong><em>ἀπαγαγών</em></strong></span> 
     </span>
     <span class='ocr_line' id='line_1_27' title="bbox 348 3156 1486 3248; baseline 0.011 -28"><span class='ocrx_word' id='word_1_208' title='bbox 348 3159 475 3221; x_wconf 72' lang='grc' dir='ltr'><strong><em>τοῦτον</em></strong></span> <span class='ocrx_word' id='word_1_209' title='bbox 499 3158 561 3223; x_wconf 75' lang='grc' dir='ltr'>ἐπὶ</span> <span class='ocrx_word' id='word_1_210' title='bbox 583 3156 655 3242; x_wconf 75' lang='grc' dir='ltr'>τὴν</span> <span class='ocrx_word' id='word_1_211' title='bbox 677 3158 843 3242; x_wconf 73' lang='grc' dir='ltr'>βουλήν,</span> <span class='ocrx_word' id='word_1_212' title='bbox 874 3166 930 3229; x_wconf 93' lang='lat' dir='ltr'>ubi</span> <span class='ocrx_word' id='word_1_213' title='bbox 952 3170 1057 3230; x_wconf 89' lang='lat' dir='ltr'>motus</span> <span class='ocrx_word' id='word_1_214' title='bbox 1079 3167 1248 3231; x_wconf 89' lang='lat' dir='ltr'>terminum</span> <span class='ocrx_word' id='word_1_215' title='bbox 1272 3166 1430 3248; x_wconf 84' lang='lat' dir='ltr'>significat</span> <span class='ocrx_word' id='word_1_216' title='bbox 1453 3173 1486 3232; x_wconf 87' lang='lat' dir='ltr'>et</span> 
     </span>
     <span class='ocr_line' id='line_1_28' title="bbox 347 3263 1178 3348; baseline 0.01 -24"><span class='ocrx_word' id='word_1_217' title='bbox 347 3263 409 3326; x_wconf 92' lang='lat' dir='ltr'>vim</span> <span class='ocrx_word' id='word_1_218' title='bbox 432 3263 521 3329; x_wconf 87' lang='lat' dir='ltr'>latini</span> <span class='ocrx_word' id='word_1_219' title='bbox 544 3264 687 3328; x_wconf 84' lang='lat' dir='ltr'>vocabuli</span> <span class='ocrx_word' id='word_1_220' title='bbox 714 3270 880 3348; x_wconf 84' lang='lat' dir='ltr'>„coram“</span> <span class='ocrx_word' id='word_1_221' title='bbox 903 3268 1020 3333; x_wconf 87' lang='lat' dir='ltr'>habere</span> <span class='ocrx_word' id='word_1_222' title='bbox 1042 3270 1178 3334; x_wconf 89' lang='lat' dir='ltr'>videtur.</span> 
     </span>
    </p>

    <p class='ocr_par' dir='ltr' id='par_1_7' title="bbox 347 3365 1487 3553">
     <span class='ocr_line' id='line_1_29' title="bbox 450 3365 1487 3448; baseline 0.007 -18"><span class='ocrx_word' id='word_1_223' title='bbox 450 3365 484 3448; x_wconf 89' lang='grc'>4)</span> <span class='ocrx_word' id='word_1_224' title='bbox 508 3367 555 3429; x_wconf 85' lang='lat' dir='ltr'>Eo</span> <span class='ocrx_word' id='word_1_225' title='bbox 579 3385 681 3447; x_wconf 82' lang='lat' dir='ltr'>sensu,</span> <span class='ocrx_word' id='word_1_226' title='bbox 705 3372 745 3431; x_wconf 89' lang='lat' dir='ltr'>ut</span> <span class='ocrx_word' id='word_1_227' title='bbox 768 3369 887 3435; x_wconf 86' lang='lat' dir='ltr'>latine</span> <span class='ocrx_word' id='word_1_228' title='bbox 910 3374 1046 3435; x_wconf 91' lang='lat' dir='ltr'>contra</span> <span class='ocrx_word' id='word_1_229' title='bbox 1068 3373 1303 3437; x_wconf 90' lang='lat' dir='ltr'>reddendum</span> <span class='ocrx_word' id='word_1_230' title='bbox 1325 3373 1390 3448; x_wconf 91' lang='lat' dir='ltr'>sit,</span> <span class='ocrx_word' id='word_1_231' title='bbox 1424 3392 1487 3437; x_wconf 92' lang='lat' dir='ltr'>non</span> 
     </span>
     <span class='ocr_line' id='line_1_30' title="bbox 347 3466 893 3553; baseline 0.011 -22"><span class='ocrx_word' id='word_1_232' title='bbox 347 3468 450 3534; x_wconf 90' lang='lat' dir='ltr'>iuveni</span> <span class='ocrx_word' id='word_1_233' title='bbox 472 3466 529 3528; x_wconf 74' lang='grc' dir='ltr'>ἐπί</span> <span class='ocrx_word' id='word_1_234' title='bbox 552 3487 578 3534; x_wconf 87' lang='lat' dir='ltr'>c.</span> <span class='ocrx_word' id='word_1_235' title='bbox 600 3471 673 3535; x_wconf 85' lang='lat' dir='ltr'>Aeo.</span> <span class='ocrx_word' id='word_1_236' title='bbox 697 3479 893 3553; x_wconf 84' lang='lat' dir='ltr'>usurpatum.</span> 
     </span>
    </p>

    <p class='ocr_par' dir='ltr' id='par_1_8' title="bbox 346 3572 1488 4381">
     <span class='ocr_line' id='line_1_31' title="bbox 449 3572 1488 3660; baseline 0.006 -22"><span class='ocrx_word' id='word_1_237' title='bbox 449 3575 482 3652; x_wconf 83' lang='lat'>5)</span> <span class='ocrx_word' id='word_1_238' title='bbox 509 3572 602 3639; x_wconf 93' lang='lat' dir='ltr'>Multi</span> <span class='ocrx_word' id='word_1_239' title='bbox 635 3581 741 3640; x_wconf 88' lang='lat' dir='ltr'>autern</span> <span class='ocrx_word' id='word_1_240' title='bbox 775 3577 977 3643; x_wconf 86' lang='lat' dir='ltr'>inveniuntur</span> <span class='ocrx_word' id='word_1_241' title='bbox 1015 3578 1086 3659; x_wconf 78' lang='lat' dir='ltr'>loci¹</span> <span class='ocrx_word' id='word_1_242' title='bbox 1121 3580 1174 3645; x_wconf 90' lang='lat' dir='ltr'>ubi</span> <span class='ocrx_word' id='word_1_243' title='bbox 1203 3580 1309 3644; x_wconf 89' lang='lat' dir='ltr'>verbis</span> <span class='ocrx_word' id='word_1_244' title='bbox 1332 3597 1413 3660; x_wconf 88' lang='lat' dir='ltr'>quaa</span> <span class='ocrx_word' id='word_1_245' title='bbox 1438 3579 1488 3644; x_wconf 92' lang='lat' dir='ltr'>le·</span> 
     </span>
     <span class='ocr_line' id='line_1_32' title="bbox 346 3677 1487 3763; baseline 0.005 -21"><span class='ocrx_word' id='word_1_246' title='bbox 346 3677 454 3759; x_wconf 86' lang='lat' dir='ltr'>gandi</span> <span class='ocrx_word' id='word_1_247' title='bbox 487 3682 551 3742; x_wconf 90' lang='lat' dir='ltr'>aut</span> <span class='ocrx_word' id='word_1_248' title='bbox 573 3678 739 3759; x_wconf 88' lang='lat' dir='ltr'>eligendi</span> <span class='ocrx_word' id='word_1_249' title='bbox 773 3681 836 3744; x_wconf 86' lang='lat' dir='ltr'>rim</span> <span class='ocrx_word' id='word_1_250' title='bbox 859 3681 979 3746; x_wconf 89' lang='lat' dir='ltr'>habent</span> <span class='ocrx_word' id='word_1_251' title='bbox 1014 3684 1210 3762; x_wconf 88' lang='lat' dir='ltr'>adiunctum,</span> <span class='ocrx_word' id='word_1_252' title='bbox 1244 3683 1379 3763; x_wconf 92' lang='lat' dir='ltr'>quibus</span> <span class='ocrx_word' id='word_1_253' title='bbox 1402 3684 1487 3762; x_wconf 88' lang='lat' dir='ltr'>quis</span> 
     </span>
     <span class='ocr_line' id='line_1_33' title="bbox 347 3779 1488 3866; baseline 0.004 -21"><span class='ocrx_word' id='word_1_254' title='bbox 347 3779 461 3845; x_wconf 89' lang='lat' dir='ltr'>rebus</span> <span class='ocrx_word' id='word_1_255' title='bbox 494 3780 675 3861; x_wconf 87' lang='lat' dir='ltr'>gerendis</span> <span class='ocrx_word' id='word_1_256' title='bbox 698 3782 964 3864; x_wconf 84' lang='lat' dir='ltr'>praeficiatur,</span> <span class='ocrx_word' id='word_1_257' title='bbox 999 3805 1106 3866; x_wconf 90' lang='lat' dir='ltr'>quem</span> <span class='ocrx_word' id='word_1_258' title='bbox 1131 3787 1166 3850; x_wconf 94' lang='lat' dir='ltr'>in</span> <span class='ocrx_word' id='word_1_259' title='bbox 1189 3804 1294 3850; x_wconf 93' lang='lat' dir='ltr'>usum</span> <span class='ocrx_word' id='word_1_260' title='bbox 1319 3786 1488 3865; x_wconf 89' lang='lat' dir='ltr'>eligatur</span> 
     </span>
     <span class='ocr_line' id='line_1_34' title="bbox 347 3883 1486 3971; baseline 0.001 -20"><span class='ocrx_word' id='word_1_261' title='bbox 347 3884 518 3966; x_wconf 86' lang='lat' dir='ltr'>significat.</span> <span class='ocrx_word' id='word_1_262' title='bbox 549 3883 596 3946; x_wconf 88' lang='lat' dir='ltr'>De</span> <span class='ocrx_word' id='word_1_263' title='bbox 613 3883 706 3948; x_wconf 87' lang='lat' dir='ltr'>locali</span> <span class='ocrx_word' id='word_1_264' title='bbox 722 3885 814 3951; x_wconf 87' lang='lat' dir='ltr'>huius</span> <span class='ocrx_word' id='word_1_265' title='bbox 833 3906 908 3952; x_wconf 91' lang='lat' dir='ltr'>usus</span> <span class='ocrx_word' id='word_1_266' title='bbox 924 3890 1028 3954; x_wconf 91' lang='lat' dir='ltr'>indole</span> <span class='ocrx_word' id='word_1_267' title='bbox 1044 3908 1125 3971; x_wconf 90' lang='lat' dir='ltr'>quae</span> <span class='ocrx_word' id='word_1_268' title='bbox 1141 3889 1277 3954; x_wconf 88' lang='lat' dir='ltr'>diximus</span> <span class='ocrx_word' id='word_1_269' title='bbox 1293 3908 1322 3970; x_wconf 93' lang='lat' dir='ltr'>p.</span> <span class='ocrx_word' id='word_1_270' title='bbox 1339 3890 1380 3954; x_wconf 88' lang='grc'>92</span> <span class='ocrx_word' id='word_1_271' title='bbox 1395 3895 1486 3969; x_wconf 76' lang='lat' dir='ltr'>enta,</span> 
     </span>
     <span class='ocr_line' id='line_1_35' title="bbox 352 3985 1487 4069; baseline 0.004 -17"><span class='ocrx_word' id='word_1_272' title='bbox 352 3988 496 4069; x_wconf 86' lang='lat' dir='ltr'>exempla</span> <span class='ocrx_word' id='word_1_273' title='bbox 520 3985 648 4051; x_wconf 85' lang='lat' dir='ltr'>allaturi</span> <span class='ocrx_word' id='word_1_274' title='bbox 671 3987 702 4053; x_wconf 90' lang='lat' dir='ltr'>in</span> <span class='ocrx_word' id='word_1_275' title='bbox 726 3991 909 4055; x_wconf 88' lang='lat' dir='ltr'>memoriam</span> <span class='ocrx_word' id='word_1_276' title='bbox 933 4009 1127 4056; x_wconf 84' lang='lat' dir='ltr'>revocamus.</span> <span class='ocrx_word' id='word_1_277' title='bbox 1151 3991 1231 4056; x_wconf 83' lang='lat' dir='ltr'>Sunt</span> <span class='ocrx_word' id='word_1_278' title='bbox 1253 3997 1357 4057; x_wconf 87' lang='lat' dir='ltr'>autem</span> <span class='ocrx_word' id='word_1_279' title='bbox 1382 4012 1487 4057; x_wconf 86' lang='lat' dir='ltr'>exem·</span> 
     </span>
     <span class='ocr_line' id='line_1_36' title="bbox 346 4088 1484 4178; baseline 0 -22"><span class='ocrx_word' id='word_1_280' title='bbox 346 4092 399 4173; x_wconf 86' lang='lat' dir='ltr'>plo</span> <span class='ocrx_word' id='word_1_281' title='bbox 422 4092 516 4156; x_wconf 87' lang='lat' dir='ltr'>haec:</span> <span class='ocrx_word' id='word_1_282' title='bbox 540 4089 592 4166; x_wconf 84' lang='lat'>68,</span> <span class='ocrx_word' id='word_1_283' title='bbox 618 4115 644 4154; x_wconf 74' lang='grc' dir='ltr'>ιι</span> <span class='ocrx_word' id='word_1_284' title='bbox 667 4109 742 4172; x_wconf 87' lang='lat' dir='ltr'>sqq:</span> <span class='ocrx_word' id='word_1_285' title='bbox 777 4091 1053 4156; x_wconf 76' lang='grc' dir='ltr'><strong><em>διατάττουσι</em></strong></span> <span class='ocrx_word' id='word_1_286' title='bbox 1076 4088 1174 4177; x_wconf 76' lang='grc' dir='ltr'>(τούς</span> <span class='ocrx_word' id='word_1_287' title='bbox 1198 4092 1421 4178; x_wconf 69' lang='grc' dir='ltr'><strong><em>στρατηγούς)</em></strong></span> <span class='ocrx_word' id='word_1_288' title='bbox 1446 4129 1484 4141; x_wconf 78' lang='lat'>-</span> 
     </span>
     <span class='ocr_line' id='line_1_37' title="bbox 348 4188 1488 4279; baseline 0.006 -25"><span class='ocrx_word' id='word_1_289' title='bbox 348 4193 408 4255; x_wconf 74' lang='lat' dir='ltr'>lou</span> <span class='ocrx_word' id='word_1_290' title='bbox 441 4196 503 4272; x_wconf 81' lang='grc' dir='ltr'>μὲν</span> <span class='ocrx_word' id='word_1_291' title='bbox 536 4190 599 4256; x_wconf 76' lang='grc' dir='ltr'>ἐπὶ</span> <span class='ocrx_word' id='word_1_292' title='bbox 631 4191 724 4264; x_wconf 77' lang='grc' dir='ltr'>τούς</span> <span class='ocrx_word' id='word_1_293' title='bbox 759 4188 992 4268; x_wconf 76' lang='grc' dir='ltr'><strong><em>ὁπλίσας-</em></strong></span> <span class='ocrx_word' id='word_1_294' title='bbox 1018 4197 1077 4258; x_wconf 75' lang='grc' dir='ltr'>ἕνα</span> <span class='ocrx_word' id='word_1_295' title='bbox 1112 4195 1142 4258; x_wconf 83' lang='grc' dir='ltr'>δ’</span> <span class='ocrx_word' id='word_1_296' title='bbox 1164 4195 1230 4262; x_wconf 75' lang='grc' dir='ltr'>ἐπὶ</span> <span class='ocrx_word' id='word_1_297' title='bbox 1258 4196 1332 4278; x_wconf 76' lang='grc' dir='ltr'>τήν</span> <span class='ocrx_word' id='word_1_298' title='bbox 1354 4195 1488 4279; x_wconf 77' lang='grc' dir='ltr'><strong><em>χώραν</em></strong></span> 
     </span>
     <span class='ocr_line' id='line_1_38' title="bbox 351 4292 1488 4381; baseline 0.007 -24"><span class='ocrx_word' id='word_1_299' title='bbox 351 4334 384 4341; x_wconf 91' lang='grc'><strong>-</strong></span> <span class='ocrx_word' id='word_1_300' title='bbox 411 4333 452 4358; x_wconf 95' lang='grc'>-.-</span> <span class='ocrx_word' id='word_1_301' title='bbox 477 4293 592 4367; x_wconf 77' lang='lat' dir='ltr'>ddud’</span> <span class='ocrx_word' id='word_1_302' title='bbox 614 4293 678 4362; x_wconf 73' lang='grc' dir='ltr'>ἐπὶ</span> <span class='ocrx_word' id='word_1_303' title='bbox 711 4292 784 4358; x_wconf 79' lang='grc' dir='ltr'>τὸν</span> <span class='ocrx_word' id='word_1_304' title='bbox 818 4301 1074 4381; x_wconf 79' lang='grc' dir='ltr'><strong><em>Πειραιέα-</em></strong></span> <span class='ocrx_word' id='word_1_305' title='bbox 1100 4337 1137 4348; x_wconf 85' lang='grc'><strong><em>-</em></strong></span> <span class='ocrx_word' id='word_1_306' title='bbox 1162 4302 1221 4363; x_wconf 75' lang='grc' dir='ltr'>ἕνα</span> <span class='ocrx_word' id='word_1_307' title='bbox 1257 4299 1287 4361; x_wconf 84' lang='grc' dir='ltr'>δ’</span> <span class='ocrx_word' id='word_1_308' title='bbox 1320 4299 1384 4365; x_wconf 76' lang='grc' dir='ltr'>ἐπὶ</span> <span class='ocrx_word' id='word_1_309' title='bbox 1413 4299 1488 4376; x_wconf 67' lang='grc' dir='ltr'>,τοῖς</span> 
     </span>
    </p>
   </div>
   <div class='ocr_carea' id='block_1_3' title="bbox 0 0 1646 5142">
    <p class='ocr_par' dir='ltr' id='par_1_9' title="bbox 0 0 1646 5142">
     <span class='ocr_line' id='line_1_39' title="bbox 0 0 1646 5142; baseline 0 2"><span class='ocrx_word' id='word_1_310' title='bbox 0 0 1646 5142; x_wconf 95' lang='lat' dir='ltr'> </span> 
     </span>
    </p>
   </div>
  </div>
 </body>
</html>
