3284 5142
389 312 480 416 ¹rao

373 546 489 611 riorem
524 550 689 628 praeterea
722 547 752 610 in
789 546 945 611 communi
978 542 1153 610 Atticorum
1178 566 1237 612 usu
1261 565 1324 612 non
1347 565 1511 628 apparere
1551 546 1554 552 ’

372 649 433 713 nisi
455 668 528 714 raro
552 650 593 730 (v.
616 648 696 712 Lutz
719 668 750 730 p.
772 649 837 728 36),
871 647 1007 714 fortasse
1030 649 1158 730 dignum
1183 643 1339 731 estquod
1362 649 1513 716 animad-

372 757 543 818 vertamus.
588 751 692 817 Etiam
726 753 765 816 de
798 752 929 832 singuiis
962 752 1045 816 idem
1079 753 1111 817 in
1144 752 1204 817 hoo
1237 770 1296 816 usu
1325 751 1511 831 dicendum,

373 856 457 937 quod
481 857 512 921 in
535 855 629 921 locali
651 874 710 920 usu
733 855 997 936 supradiximus.
1043 854 1133 920 Licet
1154 874 1276 937 paucae
1299 844 1387 921 in'P.
1411 873 1507 936 repe-

373 959 495 1024 riantur
527 959 701 1024 locutiones
724 958 936 1024 Aristoteleae
961 960 1021 1036 (eu.
1043 976 1090 1039 gr.
1113 950 1279 1040 ὑπάρχειν
1302 955 1338 1021 ἔν
1360 974 1441 1033 τινι,
1467 956 1508 1019 ἐν

373 1057 483 1145 χειρὸς
517 1056 620 1145 νόμῳ,
651 1059 688 1132 ἐν
714 1058 927 1144 παραδρομῇ,
960 1058 997 1123 ἐν
1030 1057 1176 1144 ὀργάνου
1210 1057 1318 1145 εἴδει),
1352 1066 1508 1128 nontam

377 1170 452 1230 sunt
474 1165 615 1246 vulgaria
638 1170 733 1246 atque
756 1165 833 1258 trita
856 1165 961 1230 omnin
983 1168 1019 1230 ut
1040 1165 1072 1230 in
1096 1166 1133 1229 Α.
1157 1164 1192 1229 Ρ.

777 1453 847 1532 ov'o
876 1454 926 1556 (v.
954 1481 988 1550 p.
1018 1454 1095 1557 33).

476 1629 569 1694 Hanc
600 1629 868 1710 praepositionem
902 1629 933 1693 in
968 1628 1006 1693 Α.
1034 1627 1069 1691 Ρ.
1103 1647 1166 1694 non
1200 1629 1326 1709 saepius
1359 1627 1506 1703 inveniri,

374 1750 468 1813 quam
491 1733 523 1797 in
546 1731 635 1797 libris
659 1731 870 1812 Aristoteleis,
895 1733 972 1797 satis
995 1729 1146 1797 habemus
1170 1732 1338 1797 monuisse.

737 2030 785 2112 εἰς
812 2020 864 2123 (v.
884 2049 941 2118 pp.
963 2021 1143 2124 34—43).

477 2195 567 2273 Quod
590 2197 621 2260 in
646 2195 683 2259 Α.
707 2194 740 2260 P.
765 2194 858 2260 huius
880 2195 1124 2276 praepositionis
1147 2212 1222 2260 usus
1237 2194 1344 2276 paullo
1359 2195 1507 2278 frequen·

374 2301 436 2365 tior
458 2305 507 2366 est
528 2317 623 2379 qnam
646 2299 677 2362 in
701 2296 745 2378 Ρ.,
780 2317 819 2361 ex
841 2317 879 2362 en
902 2297 1046 2377 toribii,
1077 2299 1199 2379 opinor,
1223 2299 1366 2364 concludi
1390 2302 1506 2380 potest.

376 2401 511 2466 Multum
534 2402 616 2466 enim
637 2401 669 2465 in
692 2400 871 2466 huiusmodi
886 2399 980 2465 rebus
996 2401 1082 2466 casui
1098 2400 1302 2466 tribuendum
1317 2421 1395 2482 csse,
1413 2421 1505 2467 nemo

375 2508 423 2570 est
446 2505 522 2586 quin
545 2502 704 2568 concedat.

478 2605 569 2682 Quod
592 2612 698 2671 autem
720 2624 798 2670 euos
822 2604 928 2672 localis
950 2607 1097 2688 proprius
1119 2606 1149 2671 iu
1173 2606 1212 2670 A.
1235 2605 1281 2682 Ρ.,
1304 2606 1458 2688 figuratus
1474 2609 1505 2673 in

375 2709 410 2776 P.
434 2708 577 2775 crebrior
607 2714 654 2775 est
684 2715 716 2775 et
739 2711 897 2792 copiosior
919 2709 980 2794 (cfr
1002 2728 1084 2792 quae
1107 2710 1224 2789 protuli
1248 2729 1317 2774 exn.
1341 2730 1371 2792 p.
1395 2711 1437 2775 34
1459 2731 1505 2794 sq.

376 2818 408 2877 et
429 2815 471 2879 39
493 2815 565 2894 sq.),
599 2814 630 2877 id
653 2811 789 2879 fortasse
811 2831 873 2879 non
897 2830 985 2878 mero
1008 2831 1083 2877 casu
1105 2810 1234 2893 factum,
1258 2814 1315 2879 sed
1336 2813 1446 2896 aliqua
1467 2834 1506 2878 ex

375 2921 466 2999 parte
488 2936 528 2980 ex
551 2915 695 2981 dissimili
718 2915 829 2981 horum
854 2933 983 2997 operum
1007 2921 1121 2981 notura
1144 2920 1177 2979 et
1199 2923 1384 2997 argumento
1408 2917 1506 2998 expli-

376 3019 522 3084 candum.
560 3018 629 3083 Hoc
652 3018 737 3082 cadit
760 3019 791 3083 in
814 3017 871 3084 has
895 3019 1085 3083 locutiones:
1109 3012 1223 3100 ἄρχων
1245 3019 1292 3090 εἰς
1315 3015 1504 3098 Σαλαμῖνα,

377 3116 607 3203 ἀμφικτιῖονες
629 3120 674 3192 εἰς
696 3116 807 3202 Δῆλον
830 3122 897 3186 sim.
923 3120 964 3203 (r.
987 3139 1017 3202 p.
1031 3120 1095 3202 39),
1120 3139 1197 3202 quas
1221 3122 1253 3186 in
1276 3121 1311 3184 P.
1334 3141 1397 3187 non
1420 3123 1504 3187 inve·

375 3227 487 3301 nimus,
513 3227 546 3288 et
568 3225 601 3288 in
624 3240 692 3287 eam
716 3241 841 3305 quoque
864 3242 940 3289 usus
964 3224 1178 3289 diversitatem
1202 3222 1368 3290 transferri
1390 3229 1504 3306 potest,

376 3347 459 3410 quae
481 3326 540 3392 sub
563 3323 597 3411 3)
620 3331 761 3409 apparet.

483 3429 680 3516 Temporolis
702 3452 782 3496 usus
805 3437 837 3497 et
859 3433 890 3496 in
915 3433 952 3495 A.
965 3430 999 3496 P.
1024 3436 1056 3497 et
1078 3433 1109 3497 in
1132 3431 1168 3497 P.
1190 3431 1283 3513 plane
1306 3431 1347 3497 ad
1371 3451 1504 3498 commu·

378 3555 449 3601 nem
484 3537 638 3602 sermonis
673 3536 932 3602 consuetudinem
965 3537 1220 3601 accommodatus
1242 3541 1308 3612 est‚·
1341 3538 1505 3603 usitatiora

377 3640 512 3707 fortasse
535 3647 568 3705 et
588 3641 689 3722 magis
711 3641 855 3721 vulgaria
877 3645 959 3719 sunt,
984 3658 1065 3720 quae
1088 3641 1119 3705 in
1142 3641 1180 3705 Α.
1196 3639 1231 3704 Ρ.
1254 3643 1381 3706 exstant
1403 3659 1504 3706 exem·

377 3743 433 3826 pla
457 3742 518 3827 (cfr
541 3742 621 3808 Luta
643 3761 695 3825 pp.
718 3741 848 3825 9-11).

480 3847 642 3913 Transisti
662 3866 742 3910 osus
776 3846 904 3912 easdem
933 3850 967 3912 et
988 3848 1020 3911 in
1043 3846 1077 3909 Ρ.
1102 3850 1135 3910 et
1158 3847 1189 3910 in
1212 3845 1249 3910 Α.
1274 3845 1309 3909 Ρ.
1331 3848 1504 3928 reperimus

378 3953 560 4031 varietates
583 3968 661 4032 quas
684 3950 769 4030 opud
793 3950 916 4015 Atticos
939 3951 997 4026 (cir
1020 3949 1100 4014 Luta
1123 3968 1153 4030 p.
1179 3947 1219 4012 15
1241 3966 1288 4031 sq,
1314 3950 1352 4013 18
1376 3968 1422 4030 sq,
1446 3951 1504 4026 21).

379 4054 510 4135 Singula
543 4057 650 4118 autem
673 4053 820 4135 exempla
843 4053 1009 4134 spectanti,
1044 4053 1104 4117 etsi
1126 4051 1232 4116 nullae
1254 4052 1320 4118 fere
1343 4053 1375 4116 in
1397 4051 1433 4118 P.
1456 4071 1504 4117 oc·

378 4161 508 4223 currunt
530 4157 686 4222 eiusmodi
709 4155 895 4238 locutiones,
930 4172 1011 4236 quae
1034 4155 1065 4219 in
1088 4152 1239 4245 formulas
1262 4156 1415 4220 sermonis
1438 4155 1504 4220 Ari-

377 4262 504 4328 stotelei
527 4262 671 4343 proprias
694 4261 842 4336 abierint,
875 4265 985 4325 tamen
1008 4262 1151 4341 apparet,
1176 4257 1362 4324 difficilioris
1385 4264 1417 4324 et
1439 4275 1504 4322 con·
