3284 5142
1234 377 1274 442 91

175 579 250 641 tam
277 574 384 650 inisse,
412 579 447 638 ut
469 573 595 638 debitor
617 574 721 640 usuris
745 592 809 638 non
835 573 947 640 solutis
971 591 1080 639 servus
1102 573 1196 638 fieret
1219 573 1320 638 credi·

176 679 273 745 toris.
297 714 340 725 -
361 678 410 744 Ab
441 677 552 744 eodem
581 678 678 743 verbo
703 673 868 750 δανείζειν
889 677 1028 758 pendere
1050 680 1127 759 puto
1149 672 1207 736 ἐειί
1229 695 1319 759 prae·

178 783 377 864 positionem
399 781 495 847 etiarn
521 781 548 860 l,
573 802 614 845 ιιι
637 775 835 866 δεδεμέν[οι]
860 788 945 852 τοῖς
968 775 1234 861 [δανείΙσασιν
1256 776 1320 844 ἐντί

180 893 271 956 τοῖς
306 881 489 962 σώμασιν
522 875 620 964 ἦσαν.
666 883 727 947 Sed
758 883 790 947 in
813 884 861 961 iis,
884 901 966 963 qnae
988 887 1115 948 exstant
1135 883 1167 962 4,
1191 903 1232 946 m:
1255 877 1320 944 δαί

181 986 227 1050 δὲ
248 995 334 1060 τοῖς
357 983 539 1065 σώμασιν
562 978 665 1067 ἦσαν
688 981 911 1064 δεδεμένοι,
934 1003 1030 1066 quum
1053 985 1320 1067 praepositionem

181 1090 274 1156 nullo
298 1091 392 1156 modo
415 1089 575 1171 explicare
597 1089 726 1171 possim,
750 1088 964 1171 corruptelam
987 1089 1086 1153 latere
1109 1093 1199 1169 puto.
1242 1087 1320 1152 For·

181 1196 269 1260 sitan
303 1211 374 1259 curn
407 1193 634 1259 Herwerdenio
671 1192 840 1274 legendum
878 1209 935 1274 pro
966 1187 1135 1268 δεδεμένοι
1158 1187 1316 1252 δεδανεισ

182 1297 293 1375 μένοι.

549 1533 583 1601 G.
623 1533 710 1601 (ium
731 1532 955 1601 decusatim.

557 1741 590 1792 a.
636 1725 947 1791 InPolitieis.

291 1917 333 1980 59
355 1915 432 1980 locis
455 1912 513 1975 ἰαί
535 1934 562 1980 ο.
588 1915 660 1980 Aoo.
682 1916 714 1979 in
738 1915 878 1981 Politicis
901 1916 1076 1980 invenitur.

295 2017 328 2098 1)
351 2017 461 2084 Loculi
488 2039 582 2082 senso
608 2019 688 2083 haec
710 2018 905 2100 praepositio
927 2018 1022 2083 nullis
1044 2019 1150 2083 verbis
1173 2019 1233 2083 uisi
1256 2035 1322 2082 mo·

188 2129 257 2190 tum
291 2121 542 2204 significantibus
577 2122 727 2188 adiuncta
761 2125 819 2186 eat.
864 2122 969 2203 Atque
998 2122 1031 2185 in
1055 2122 1235 2187 universum
1258 2122 1320 2186 dici

189 2231 297 2308 potest
318 2222 374 2289 ἐαί
396 2244 466 2290 cunr
489 2225 538 2290 his
561 2226 665 2291 verbis
688 2226 891 2290 coniunctum
914 2242 991 2289 rem
1009 2227 1074 2289 eut
1088 2224 1212 2290 locum
1228 2226 1324 2306 signi·

188 2329 295 2408 ficare,
319 2329 373 2410 qui
396 2332 518 2394 motus
541 2328 632 2394 iiuis
654 2335 712 2394 est
735 2328 793 2393 vel
815 2328 1014 2408 termium,
1044 2329 1065 2392 i.
1088 2345 1211 2408 equo
1235 2329 1322 2409 qnid

189 2451 228 2498 se
258 2435 383 2497 movet
413 2435 479 2495 aut
505 2436 687 2496 movetur.
732 2431 812 2495 Sunt
839 2434 946 2494 autem
967 2431 1062 2496 huius
1085 2429 1324 2512 significationis

190 2533 416 2600 discernendae
446 2535 616 2600 varietates
644 2534 810 2616 quaedam,
834 2551 969 2615 quarum
992 2534 1024 2598 in
1049 2533 1121 2598 Ath.
1145 2532 1238 2598 Pom.
1262 2534 1323 2599 ali-

190 2642 269 2720 quot
303 2653 537 2718 cognoscemua.
582 2636 619 2701 Iu
642 2635 785 2701 Politiois
806 2632 864 2696 ἐτί
886 2654 911 2699 c.
941 2636 1016 2700 Aoo.
1039 2634 1170 2702 deloco
1193 2637 1322 2717 ponitur

191 2742 251 2805 hoc
283 2757 379 2803 sensu
412 2739 522 2804 semel:
557 2739 607 2818 69,
631 2763 673 2802 ao:
703 2732 771 2798 ἀιεί
799 2753 834 2798 τι
863 2736 928 2799 τοῦ
950 2732 1057 2818 δήμον
1079 2739 1179 2822 μέρος
1201 2735 1327 2817 ἐναίμ-

190 2859 314 2912 αοντες
335 2839 401 2901 ἐντί
423 2839 494 2914 τδς
515 2837 662 2914 πόλεις.
1308 2869 1311 2874 ,

293 2945 391 3009 Plura
423 2949 498 3011 suut
530 2945 604 3010 huic
636 2945 730 3010 locali
765 2947 835 3011 osui
868 2949 1001 3026 cognata
1034 2943 1212 3024 figurati
1245 2963 1321 3010 usus

190 3048 348 3131 exempla:
380 3049 410 3126 5,
433 3067 474 3112 ao:
498 3040 517 3128 ἡ
540 3039 626 3130 ὁρμή
651 3083 687 3093 -
713 3045 776 3112 ἐπὶ
798 3046 872 3128 τήν
898 3043 1064 3130 τοιαύτην
1086 3048 1326 3121 κοινωνίαν,·

191 3152 243 3232 57,
266 3173 295 3216 a:
318 3149 381 3222 τὰς
409 3185 439 3196 -
468 3148 625 3230 γυναῖκάς
651 3145 804 3230 -ἄγειν
831 3183 865 3196 -
896 3183 930 3194 -
954 3146 1017 3213 ἐντί
1045 3145 1138 3222 τούς
1161 3145 1325 3228 νόμους,

191 3256 262 3336 lege
284 3255 470 3335 astringere,
501 3253 549 3319 cfr
570 3255 643 3330 280,
665 3276 709 3318 εει
732 3249 795 3326 τοὶς
817 3288 857 3302 -
881 3249 1052 3336 βασιλείας
1074 3247 1168 3333 ἄγειν
1190 3250 1257 3313 ἐισί
1279 3248 1324 3315 τδ

191 3352 472 3437 μετριώτερον,
495 3357 622 3422 modum
639 3358 814 3439 imponere,
838 3356 910 3432 236,
924 3378 951 3421 r:
968 3355 1048 3428 τούς
1062 3351 1213 3440 οἷτόρους
1228 3391 1270 3400 -
1283 3393 1324 3404 -

181 3461 330 3562 ἱτρεέιειν
362 3455 419 3519 ἐπ’
452 3456 647 3543 ἐργασίας,
681 3459 722 3526 ad
750 3461 878 3540 negotia
905 3458 1085 3540 impellere;
1118 3459 1189 3538 130,
1211 3481 1253 3522 aa:
1277 3455 1327 3520 ii-

193 3581 315 3634 κοντας
344 3558 403 3645 ἐφ’
431 3557 623 3644 ἑκατέραν
652 3561 715 3623 τοῦ
741 3563 815 3642 βίον
845 3559 908 3644 τήν
938 3554 1137 3643 ὑπερβολήν,
1161 3557 1241 3633 τούς
1261 3561 1325 3639 μὲν

193 3663 257 3726 δαί
286 3664 358 3746 τήν
387 3661 656 3748 γλισχρότητα
682 3662 763 3736 τοδς
790 3666 824 3728 δὲ
851 3661 915 3726 δαί
939 3659 1012 3745 τήν
1031 3657 1204 3747 τροφήν,
1228 3665 1260 3728 iu
1282 3663 1328 3728 al-

195 3775 350 3834 terutram
385 3772 510 3850 partem
533 3803 574 3814 -
597 3769 639 3833 ad
672 3769 847 3834 sordes-
871 3769 911 3833 ad
945 3767 1113 3846 luxuriam,
1142 3765 1190 3830 cir
1211 3767 1263 3848 60,
1286 3789 1327 3831 aa:

194 3869 231 3932 ἐν
261 3869 297 3932 δὲ
320 3879 392 3943 τοῖς
414 3865 529 3944 ἄλλοις
550 3863 751 3954 ὑπερβάλλει
775 3869 837 3936 ἐντί
859 3869 904 3933 τδ
929 3865 1097 3952 σκληρὸν
1119 3861 1155 3952 (ἡ
1179 3865 1329 3952 διαίτα),

196 3975 245 4054 82,
262 3997 303 4040 εει
327 3971 392 4056 τήν
410 4011 448 4022 -
465 3972 572 4058 α’ρχήν
595 3974 804 4040 ἐπίστασθαι
827 3971 882 4035 ἐτ’
907 3970 1132 4055 α’μιρότερα,
1155 3973 1186 4036 in
1210 3978 1328 4040 utram·

195 4097 256 4161 que
279 4083 417 4160 partuum
440 4079 513 4160 262,
536 4101 577 4144 ro:
600 4073 658 4163 ἐφ’
683 4070 883 4160 ὁκότερον
906 4073 951 4138 ἄν
972 4072 1102 4158 ἐγκλίνγ
1126 4069 1329 4156 inoratam,

195 4179 260 4246 ἐπί
282 4179 415 4243 ταῦτα
436 4183 646 4261 μεθίσταται
668 4178 836 4263 ἑκατέρων
851 4177 891 4243 τὸ
907 4181 1073 4262 σφέτερον
1088 4173 1330 4255 αὐξανόντων,

199 4285 269 4366 148,
298 4306 328 4348 a:
362 4281 676 4368 ἐπαμφοτερίζοντα
708 4321 741 4336 ,-
769 4321 806 4334 α
838 4281 904 4346 ἐπί
936 4279 982 4344 aci
1017 4289 1153 4365 χεῖρον
1186 4283 1251 4344 καὶ
1284 4282 1354 4346 τδ-
