3284 5142
383 384 424 448 70

339 580 440 644 viora:
460 581 507 660 13,
520 601 561 643 ιιι
584 575 684 656 μετα
708 579 780 663 τήν
796 577 893 662 [τῶν]
909 572 1090 662 τυράννων
1105 575 1343 653 κατάλυσιν,
1360 579 1467 643 eadem

338 682 435 746 verba
458 683 508 759 22,
532 705 559 746 ιι
582 685 615 745 et
636 683 688 762 44,
711 702 754 760 ιτς
786 719 830 730 -
864 684 915 762 14,
938 703 980 744 ro:
1013 678 1112 759 μετὰ
1134 677 1388 765 τήνιιρώτην
1409 701 1469 742 κα·

339 779 556 858 τάστασιν,
580 785 695 851 similia
717 786 769 865 24,
793 809 806 848 ι
828 790 861 848 et
883 785 934 865 37,
959 803 999 861 123
1025 819 1059 829 -
1086 782 1138 864 25,
1163 803 1204 848 ro:
1238 782 1337 862 μετὰ
1360 779 1400 844 δὲ
1421 782 1468 844 τὰ

339 883 511 969 Μηδικά,
534 887 644 951 eadem
668 886 765 952 verba
787 888 838 966 27,
863 912 888 951 ro
912 893 944 952 et
965 887 1018 966 45,
1042 887 1187 966 13-26,
1212 907 1252 950 1⁵:
1275 881 1374 966 μετὰ
1397 884 1470 968 τὴν

341 991 581 1067 ναυμαχίαν,
611 990 720 1055 eedem
744 991 842 1055 verba
863 989 914 1070 29,
939 1011 979 1053 18:
1019 1023 1051 1032 -
1089 989 1140 1069 28,
1165 1011 1207 1053 ιιι
1229 986 1314 1069 μετ’
1337 983 1383 1051 oo'
1404 1008 1470 1050 αο-

340 1087 411 1154 λύν
433 1089 595 1174 χρόνον,
618 1093 729 1158 eedem
753 1094 852 1158 verba
874 1094 925 1173 37,
948 1117 985 1158 ιι.

441 1195 493 1276 29,
517 1217 545 1259 o:
569 1197 673 1279 τρίτῳ
697 1193 752 1276 (sc.
776 1191 858 1278 ἔτει)
881 1191 981 1275 μετὰ
1003 1194 1154 1258 τοῦτον
1178 1194 1234 1280 (sc.
1258 1192 1469 1278 Λυσικράτη)

339 1295 489 1379 ἔγνωσαν
510 1294 556 1380 μή
578 1298 730 1377 μετέχειν
752 1296 811 1381 τῆς
830 1294 959 1370 πόλεως
981 1296 1017 1372 ὃς
1038 1295 1083 1360 ἂν
1099 1333 1140 1343 -
1159 1322 1216 1380 -,·
1232 1299 1378 1364 similiter
1400 1316 1470 1362 curn

341 1401 536 1466 Accusativis
559 1419 764 1483 personarum
788 1402 839 1481 31,
862 1426 886 1482 2,
910 1423 951 1482 113
974 1400 1027 1481 45,
1050 1426 1088 1466 ιι.

445 1504 494 1583 13,
511 1524 538 1567 r:
563 1495 659 1565 οὗτοι
682 1498 754 1566 τόν
774 1501 873 1582 μετὰ
896 1505 1109 1584 Δαμασίαν
1132 1496 1238 1587 ἦρξαν
1260 1499 1472 1578 ἐνιαυτόν,

340 1607 484 1672 similiter
504 1604 591 1686 μετά
613 1623 640 1672 o.
663 1606 748 1688 Aoo,
781 1608 914 1675 articulo
937 1608 1128 1690 praeposito,
1152 1608 1300 1674 attributi
1321 1607 1392 1672 loeo
1416 1606 1471 1672 ed·

341 1710 484 1775 iunctum
506 1710 704 1776 substantivo
726 1711 778 1792 44,
801 1734 839 1786 24,
862 1731 904 1791 ²⁰3
926 1713 978 1792 45,
1002 1736 1024 1793 1,
1049 1735 1073 1786 o,
1097 1737 1119 1776 e.

342 2187 386 2271 V.
421 2187 721 2298 Praepositiones
748 2214 834 2272 oum
861 2189 1044 2286 Genitivo,
1073 2189 1218 2286 Dotivo
1247 2187 1472 2274 Aoousotivo

792 2327 1023 2412 eonionotoe.

811 2564 843 2631 1.
899 2552 1001 2654 α’μφί.

447 2743 534 2810 Haec
554 2746 743 2826 praepositio
760 2746 800 2810 ab
817 2743 963 2810 omnibus
979 2745 1188 2812 Aristotelicis
1205 2745 1353 2826 operibus
1369 2744 1474 2809 aliena

344 2863 446 2927 neque
468 2846 500 2910 io
524 2847 666 2914 Politicis
688 2867 790 2929 neque
813 2849 844 2913 in
869 2848 943 2912 Ath.
966 2848 1061 2913 Polit.
1085 2849 1251 2913 invenitur.

824 3148 858 3218 2.
912 3149 1001 3237 περί.

446 3347 524 3427 περί
546 3346 749 3426 praepositio,
772 3347 798 3412 si
822 3365 896 3412 usus
918 3345 1128 3428 frequentiam
1151 3350 1283 3426 spector,
1300 3346 1473 3411 seeundum

343 3449 376 3512 in
410 3447 550 3512 Politiois
583 3449 667 3512 inter
701 3465 808 3514 ornnes
831 3449 1081 3530 praepositiones
1105 3446 1230 3512 obtinet
1250 3447 1365 3513 locum.
1411 3447 1473 3513 Sed

344 3549 583 3631 significationis
605 3551 811 3617 varietatibus
835 3552 961 3615 minime
982 3555 1033 3616 est
1055 3550 1195 3630 insignis.

717 3838 758 3908 A.
804 3838 891 3907 oum
913 3838 1089 3908 (ienitivo.

715 4047 749 4117 a,
793 4033 845 4096 In
865 4031 1104 4096 Politieis.

448 4203 527 4269 Cum
556 4204 704 4270 Geritivo
728 4223 802 4269 casu
826 4204 994 4268 coniuncta
1016 4203 1079 4267 313
1101 4202 1178 4269 locis
1199 4203 1326 4284 legitur.
1372 4202 1476 4285 Atque

345 4311 394 4379 his
428 4311 572 4378 omnibus
607 4328 671 4376 une
704 4308 878 4390 eademque
905 4308 936 4373 vi
970 4311 1122 4390 usurpate
1144 4311 1203 4387 est,
1237 4311 1273 4370 ut
1306 4305 1475 4375 homines
