3284 5142
1189 422 1231 490 63

140 617 449 705 μένρ,σ1ι27,ιιι;
483 658 524 668 -
558 620 610 702 61,
635 645 663 687 1:
697 611 878 704 κληροῦσιν
911 655 952 666 -
976 657 1015 668 -
1050 617 1201 706 ἄρχοντα
1223 625 1279 684 καί

141 723 284 804 βασιλέα
306 730 363 786 καί
385 723 601 808 πολέμαρχον
623 722 726 786 κατοέ
748 726 867 807 μέρος
888 721 924 798 ἐξ
946 720 1083 809 ἑκάστης
1106 722 1221 810 φυλῆς.

247 829 281 911 5)
305 829 434 893 Nullum
456 849 495 894 ex
518 834 588 894 tota
612 828 686 892 Ath.
710 827 803 894 Polit.
827 827 963 908 proferri
978 834 1084 911 potest
1100 830 1279 911 exemplum

141 932 213 997 eius
245 951 331 1012 usus
366 951 428 1013 quo
451 929 539 994 κατοί
567 949 593 994 ο.
617 931 690 996 Αοο.
714 932 825 996 eodem
849 949 943 997 sensu
965 939 1149 1013 usurpatur,
1183 937 1280 1013 atque

141 1035 323 1114 germanice
348 1033 602 1112 „hinsichtiich“‚
628 1035 678 1118 „in
702 1029 851 1098 Betrefl“.

248 1135 292 1220 6),
317 1137 349 1216 7)
372 1137 481 1219 Neque
514 1137 681 1203 causalis
711 1155 813 1220 neque
836 1137 1140 1203 instrumentalis
1162 1135 1280 1218 signifi-

142 1241 279 1306 cationis
302 1240 400 1306 ullum
425 1243 455 1304 in
480 1240 555 1305 Ath.
578 1239 671 1306 Polit.
695 1244 828 1322 apparet
850 1241 1029 1322 vestigium.

248 1342 283 1425 8)
307 1343 386 1420 Quo
410 1343 590 1423 consilio,
623 1361 730 1425 quem
753 1343 797 1408 ad
820 1342 935 1408 tinem
963 1342 1040 1425 qnid
1064 1343 1120 1408 fiat
1142 1339 1229 1405 κατά
1253 1361 1281 1408 c.

143 1445 218 1510 nce.
240 1445 399 1528 significet
414 1447 446 1511 in
461 1447 528 1511 his:
554 1448 581 1525 1,
600 1468 641 1510 m:
664 1440 764 1509 κατὰ
785 1441 942 1528 ταύτην
963 1443 1023 1530 γὰρ
1046 1443 1111 1528 τήν
1132 1445 1282 1528 μίσθω-

143 1563 210 1610 σιν
243 1544 436 1632 εἰργάζοντο
458 1548 528 1610 τῶν
549 1546 725 1610 πλουσίοιν
747 1543 828 1621 τούς
850 1544 993 1632 α’γρούςς
1026 1550 1056 1630 9,
1078 1570 1120 1614 m:
1155 1543 1283 1633 ἀποδρ-

140 1651 228 1730 μίαν
250 1647 435 1734 ἐποιήσατο
457 1648 542 1712 κατ’
565 1647 766 1732 έμτορίαν
789 1643 861 1729 ἅμα
884 1653 940 1712 καί
963 1651 1124 1736 θεωρίαν.

248 1753 282 1834 9)
306 1753 378 1818 Pro
412 1754 594 1820 adverbio
630 1753 767 1819 modali
798 1752 886 1817 κατά
909 1775 936 1820 ο.
959 1756 1031 1821 Ace.
1055 1774 1209 1840 nusquam
1234 1763 1284 1822 est

144 1863 348 1938 usurpatum.

617 2108 651 2176 3.
705 2097 808 2197 ὑπέρ.

523 2284 565 2352 Α.
611 2284 697 2352 cnm
720 2284 897 2356 Genitiro.

514 2458 548 2509 a„
592 2445 645 2508 In
665 2443 908 2510 Politieie.

245 2594 360 2662 Tribus
383 2598 510 2663 omnino
535 2597 612 2662 locis
634 2592 718 2679 ὑαέρ
743 2615 768 2660 ο.
792 2596 896 2662 Genii.
921 2600 952 2665 in
975 2598 1117 2667 Politicis
1133 2600 1281 2682 tegimus.

247 2701 280 2780 1)
304 2699 429 2766 Locatis
448 2701 691 2783 siqnificationis
713 2700 833 2766 nulium
856 2703 1013 2783 reperitur
1035 2702 1223 2785 exemplum.

246 2804 280 2880 2)
304 2803 376 2868 Duo
410 2810 484 2870 sunt
506 2804 576 2885 loci,
607 2804 722 2884 quibus
745 2796 830 2886 ιίιιέρ
853 2821 880 2868 c.
904 2803 1011 2870 Genii.
1034 2805 1076 2869 ad
1099 2806 1280 2887 significan-

144 2905 202 2972 dos
225 2906 393 2975 homines
415 2913 604 2990 usurpatum
626 2911 684 2986 est,
718 2925 785 2989 pro
814 2909 954 2989 quibus
977 2910 1123 2975 iuvandis
1146 2917 1202 2976 aut
1224 2911 1278 2975 de·

145 3008 314 3077 tendentis
336 3012 412 3092 quid
427 3011 477 3075 fit:
498 3011 568 3092 162,
582 3031 623 3075 m:
646 3005 745 3095 ὑπὲρ
771 3003 908 3075 αὐτῶν
922 3013 978 3072 καί
1000 3013 1128 3074 τέκνοιν
1149 3015 1205 3072 καί
1228 3033 1282 3092 γο-

147 3112 273 3175 ναιιιῶν
295 3111 480 3199 τιμαλφεῖν
503 3113 584 3189 τούς
605 3111 724 3191 irsoum
756 3115 830 3196 248,
853 3139 895 3181 m:
930 3111 1075 3195 α’τιμίαν
1098 3114 1280 3199 φεύγοντες

145 3219 200 3278 καί
235 3214 365 3300 ζημίαν,
388 3214 407 3300 ἢ
430 3215 529 3302 νπὲρ
563 3210 697 3280 αὑτοῖν
730 3214 749 3300 ἢ
776 3216 849 3280 τοῖν
881 3213 1002 3304 φίλων,
1036 3213 1282 3293 στασιάζουσιν

146 3317 182 3380 ἐν
208 3325 284 3392 ταῖς
306 3316 456 3382 πόλεσιν.

249 3423 283 3503 3)
305 3421 376 3488 Uno
393 3424 447 3506 qui
462 3429 608 3505 superest
622 3423 702 3504 loco,
719 3424 844 3490 dicendi
861 3426 957 3491 verbo
973 3425 1166 3504 adiunctum,
1184 3425 1281 3490 idem

147 3525 345 3607 significat
367 3531 480 3608 utque
500 3528 591 3606 ιιερί
607 3544 634 3591 ο.
649 3525 773 3592 Genii.
791 3529 851 3594 vel
867 3529 1026 3595 latinum
1042 3527 1085 3592 de
1101 3544 1128 3592 c.
1145 3526 1280 3592 Ablata

147 3629 222 3710 271,
244 3651 273 3694 r:
308 3626 359 3690 det
382 3626 417 3690 δέ
450 3628 507 3712 (sc.
530 3627 610 3702 τούς
633 3624 862 3716 δημαγωγούς)
895 3627 1105 3693 τούναντίον
1138 3629 1204 3690 atet
1227 3626 1281 3691 δο-

146 3741 216 3794 κεῖν
239 3727 366 3812 λέγειν
395 3725 493 3816 ὑπὲρ
515 3729 680 3811 <τοῖν>
702 3728 902 3814 εὐπόρων,
937 3731 973 3799 έν
995 3730 1031 3796 δὲ
1053 3741 1128 3807 ταῖς
1149 3729 1282 3815 ὀλιγαρ-

147 3838 235 3914 χίαις
257 3827 355 3919 ν’πέρ
378 3833 451 3897 τοῦ
475 3832 601 3918 δῆμον
623 3831 704 3909 τούς
727 3831 972 3923 ὀλιγαρχικούς.

500 4077 538 4142 b.
581 4078 634 4141 In
654 4078 762 4146 Ath.
785 4078 930 4147 Polit.

250 4227 329 4295 Cum
352 4227 499 4295 Genitiro
523 4226 607 4313 ιίιιέρ
631 4231 900 4314 praepositionem
916 4251 972 4298 sex
989 4232 1066 4297 iocis
1082 4233 1286 4296 coniunctam

150 4331 290 4413 legimus
