3284 5142
389 383 432 448 90

347 576 448 660 βουλή
473 614 513 624 -
538 614 578 624 -
601 581 746 661 κρίνασα
771 613 806 622 --
832 576 895 638 τδν
925 571 1116 657 ἐπιτήδειον
1146 574 1203 658 ἐφ’
1232 573 1373 658 ἑκάστη
1396 572 1481 636 τῶν

345 677 492 764 α’ρχῶν,
526 680 582 747 ubi
614 698 707 761 quem
740 682 773 745 in
802 699 904 758 usum,
935 698 1028 760 quem
1058 679 1098 744 ad
1128 679 1222 744 finem
1245 681 1316 760 quis
1340 679 1480 760 eligatur

345 781 399 848 ἐπί
429 784 595 865 significat,
627 789 683 848 aut
712 783 804 848 haee:
833 784 885 861 41,
910 804 936 846 ιε
966 779 1023 862 ἐφ’
1044 779 1103 853 οίς
1129 821 1163 828 -
1190 779 1393 865 ᾑρέθησαν
1415 775 1481 841 οδε

346 885 528 970 ἔπραττον,
552 889 607 956 ubi
629 891 742 968 aperta
764 890 814 952 est
835 885 939 950 finalis
963 886 1018 965 vis,
1042 885 1123 950 siout
1144 887 1174 951 in
1200 885 1264 950 his:
1289 886 1318 976 8,
1336 907 1376 948 ro:
1394 881 1479 953 τοδς

344 988 408 1051 ἐπί
438 985 655 1051 καταλύσει
683 985 755 1049 τοδ
785 985 910 1068 δῆμον
941 988 1207 1066 συνισταμένους
1235 983 1374 1070 ἔκρινεν,
1397 1003 1479 1068 quo-

346 1111 415 1158 cum
447 1093 493 1157 cfr
515 1092 567 1172 28,
590 1113 617 1172 ε;
643 1127 681 1137 -
705 1093 757 1170 21,
781 1113 824 1154 15:
855 1084 1039 1170 ὁμολογίαν
1061 1088 1126 1150 ἐπί
1149 1093 1193 1174 τῇ
1216 1091 1295 1151 τῶν
1318 1085 1480 1150 παίδων

346 1198 520 1280 σωτηρίᾳ
554 1191 787 1276 ποιησάμενοι,
818 1197 850 1260 in
884 1194 999 1275 quibus
1034 1191 1088 1258 ἐπί
1117 1213 1142 1258 e.
1172 1183 1246 1258 Dat.
1275 1194 1357 1259 idern
1382 1192 1479 1272 valet,

345 1299 430 1381 quod
453 1300 585 1363 latinum
608 1298 652 1363 ad
677 1316 747 1362 cum
771 1299 844 1362 Aeo.
868 1296 1029 1362 Gerundii.

447 1402 480 1482 5)
504 1402 623 1467 Penes
653 1420 760 1482 quem
788 1401 876 1482 quid
905 1401 968 1479 sit,
993 1397 1048 1464 ἐπί
1071 1417 1097 1464 c.
1120 1400 1194 1464 Dat.
1217 1401 1334 1465 indicat
1357 1400 1407 1476 61,
1432 1419 1478 1461 εις

345 1507 402 1566 ἵνα
421 1539 458 1550 -
476 1503 538 1568 ἐπί
562 1513 645 1577 τοῖς
668 1501 878 1576 δικασταῖς
893 1504 1054 1586 γένηται
1070 1503 1197 1564 τοῦτον
1211 1498 1478 1580 οἲποδοκιμάσαι.

447 1608 482 1690 6)
504 1607 662 1673 Causam
691 1606 858 1671 affectus
881 1607 912 1670 in
936 1606 999 1671 his:
1024 1607 1053 1684 1,
1077 1628 1118 1670 αι
1141 1607 1197 1665 καί
1219 1603 1285 1666 ἐπί
1308 1613 1392 1677 τοῖς
1414 1599 1480 1664 ἄλ-

345 1708 428 1782 λοις
461 1707 764 1791 ἐδυσχέραινον,
799 1710 849 1784 36,
871 1731 913 1772 ee:
947 1705 1128 1787 χαλεπῶς
1156 1703 1384 1786 ἐνεγκόντες
1414 1704 1479 1770 ἐπί

344 1814 390 1897 τῇ
415 1812 604 1899 συμφορᾷ
628 1851 666 1858 -
690 1813 760 1875 τῶν
783 1815 1082 1896 προγεγενημένων,
1106 1813 1152 1877 cfr
1174 1811 1227 1893 41,
1251 1831 1292 1890 ro;
1307 1847 1350 1856 -
1366 1811 1417 1890 39,
1435 1831 1479 1875 11:

344 1915 391 2001 ἐφ
428 1915 486 1990 οἷς
507 1913 668 1999 ἔχαιρεν
691 1908 710 1997 ἦ
734 1912 833 1986 πόλις
855 1917 1076 1996 γιγνομένοις,
1098 1917 1149 1995 39,
1174 1938 1213 1980 ιοε
1237 1913 1480 1995 α’γανακτιδν

344 2017 409 2082 ἐπί
444 2027 532 2090 τοῖς
565 2019 800 2099 γινομένοις.
846 2017 1013 2085 Causalem
1035 2020 1098 2083 vim
1121 2019 1219 2084 habet
1241 2019 1336 2083 etiem
1360 2019 1410 2098 70,
1434 2038 1479 2081 re:

348 2121 399 2184 δεῖ
414 2117 522 2184 αδτδν
538 2118 737 2207 δεδέσ[θαι],
754 2123 812 2195 ἕως
827 2118 871 2183 ἂν
887 2119 1016 2203 ἐκτείσῃ
1032 2116 1074 2182 τό
1090 2137 1125 2182 τε
1140 2117 1310 2204 πρότερον
1324 2115 1480 2203 ὄφλημ[α

347 2221 416 2310 ἐ]φ’
438 2217 464 2309 ηδ
487 2221 669 2305 ἐνεδείχθη.

447 2326 481 2408 7)
514 2327 592 2404 Qua
625 2327 713 2408 quid
748 2327 969 2392 condicione
1003 2326 1089 2406 fiat,
1124 2325 1179 2392 ε’πί
1205 2347 1232 2392 e.
1255 2327 1328 2392 Dat.
1353 2327 1478 2408 saepius

345 2429 513 2512 significat.
551 2429 602 2494 Sic
625 2431 676 2508 25,
693 2453 720 2494 o:
745 2425 858 2509 λαβών
880 2426 910 2490 δ’
933 2427 987 2493 ἐπί
1004 2427 1141 2502 τούτοις
1158 2434 1213 2510 (so.
1229 2424 1269 2490 τδ
1287 2423 1477 2512 οἷργύριον),

346 2535 392 2598 sic
414 2535 447 2599 in
469 2533 627 2599 locutione
658 2529 717 2615 ἐφ’
747 2525 773 2614 ᾧ
796 2553 821 2597 e.
846 2533 1000 2598 indicat.
1024 2532 1161 2598 futuri:
1187 2535 1237 2611 14,
1260 2555 1302 2596 2³:
1326 2530 1478 2614 ἐπικηρυ-

346 2633 547 2715 κευσάμενος
571 2675 604 2682 -
632 2669 674 2682 -·
697 2633 754 2718 ἐφ’
778 2628 804 2719 ᾦ
827 2656 863 2698 τε
886 2634 949 2718 τήν
973 2637 1145 2716 θυγατέρα
1167 2631 1275 2697 αὐτοῦ
1299 2632 1477 2718 λήψεται

345 2746 376 2805 et
399 2739 450 2819 38,
475 2761 501 2804 ⁵:
525 2739 583 2820 τῆς
607 2736 735 2823 εἰρήνης
758 2741 933 2821 γενομένης
957 2775 993 2784 --
1018 2736 1077 2823 ἐφ’
1106 2731 1131 2824 ᾦ
1154 2755 1197 2800 τε
1219 2735 1478 2800 πολιτεύσον-

345 2862 413 2903 ται
434 2841 499 2924 την
521 2840 671 2925 πάτριον
693 2839 881 2916 πολιτείαν,
905 2859 977 2907 cum
999 2861 1062 2923 que
1081 2843 1240 2907 locutione
1257 2839 1393 2906 conferri
1409 2859 1479 2921 pos-

346 2953 420 3012 sunt
442 2947 535 3011 haec:
558 2947 609 3026 36,
627 2969 669 3011 ro:
692 2943 898 3008 κατελύοντο
921 2941 984 3008 τδν
1006 2941 1156 3026 πόλεμον
1179 2943 1236 3028 ἐφ’
1252 2941 1311 3015 οίς
1327 2938 1478 3025 ἑκάτεροι

346 3044 574 3131 τυγχάνουσιν
607 3045 739 3128 ἔχοντες
773 3053 806 3112 et
835 3050 886 3123 37,
918 3071 958 3113 re:
992 3046 1027 3108 ἐκ
1059 3047 1229 3121 Δεκελείας
1257 3044 1398 3110 οἷπιέναι
1422 3044 1477 3128 ἐφ’

345 3149 402 3224 οίς
424 3148 562 3230 ἔχουσιν
583 3148 736 3236 ἑκάτεροι
759 3154 814 3210 καί
838 3146 972 3235 εἰρήνην
993 3147 1097 3230 ἄγειν,
1115 3171 1196 3232 quae
1212 3153 1256 3216 sic
1273 3150 1476 3232 explicanda:

345 3250 409 3313 ἐπί
443 3248 623 3329 τούτοις,
659 3247 760 3315 ὥστε
790 3251 894 3333 ἔχειν
923 3250 1134 3336 ἑκατέρους
1162 3251 1183 3314 ιλ
1208 3250 1478 3335 τυγχάνουσιν

345 3353 516 3448 ἔχοντες.

451 3459 498 3523 Ex
521 3460 581 3525 hoe
609 3479 668 3526 usu
692 3457 748 3522 ε’πί
770 3462 895 3526 videtur
917 3460 1067 3542 explicari
1090 3479 1193 3542 posse,
1217 3461 1271 3525 ubi
1294 3458 1391 3524 verbo
1416 3455 1477 3520 δα-

345 3565 407 3622 νεί
415 3559 496 3634 ζειν
530 3563 712 3628 ediunctum
747 3570 795 3628 est
825 3564 866 3628 ad
893 3563 1078 3628 indicandas
1100 3581 1223 3637 usurae,
1247 3562 1362 3643 quibus
1385 3562 1479 3627 elicui

347 3666 482 3746 pecunia
506 3666 625 3730 credita
647 3671 710 3745 est3
741 3685 813 3731 nem
837 3685 952 3732 usurae
976 3672 1009 3731 et
1031 3666 1181 3730 creditori
1205 3669 1237 3729 et
1261 3664 1398 3729 debitori
1421 3683 1478 3746 pro

346 3769 530 3836 condicione
555 3773 639 3834 sunt
672 3770 778 3849 Atque
802 3769 861 3835 hoc
884 3770 1009 3850 quidem
1032 3769 1192 3847 loeo:.56,
1209 3791 1251 3832 re:
1268 3762 1478 3838 retroactae

346 3868 417 3954 δρα
424 3873 496 3955 χμη
519 3868 806 3952 δανεισάμενος
829 3867 1011 3956 οἷποστερῇ,
1028 3875 1129 3938 oratio
1146 3873 1239 3954 plene
1254 3872 1295 3937 od
1312 3878 1479 3937 consuetu·

346 3975 451 4040 dinem
483 3977 661 4040 Atticorum
691 3976 827 4041 formata
857 3983 904 4042 est
934 3979 975 4054 (v.
999 3996 1070 4040 exx.
1093 3995 1143 4057 ap.
1166 3977 1314 4041 Lutzium
1337 3995 1366 4057 p.
1392 3977 1478 4050 113).

348 4076 411 4142 Sed
434 4079 635 4158 locutionem,
658 4097 753 4161 quem
775 4081 805 4161 ὃ,
823 4104 850 4143 α
872 4085 905 4144 et
927 4080 956 4160 8,
972 4103 999 4143 οε
1024 4079 1170 4160 legimus:
1194 4076 1393 4152 δανείζειν
1415 4076 1479 4140 ἐπί

345 4189 431 4251 τοῖς
465 4178 661 4260 σώμασιν,
697 4182 781 4262 apud
815 4187 939 4248 eeteros
970 4183 1140 4264 scriptores
1171 4201 1324 4263 nusquam
1348 4182 1478 4246 inveniri

347 4283 536 4364 putaverim.
580 4283 724 4349 Breviter
754 4285 873 4350 indicat
895 4304 934 4348 ee
956 4284 1143 4350 condicione
1167 4287 1331 4366 pecuniam
1356 4289 1478 4360 mutua-
