3284 5142
1225 350 1267 413 93

164 545 290 610 finem
313 547 371 612 vel
394 563 467 627 quo
490 547 650 612 consilio
674 548 764 627 quid
787 547 860 611 fiat
882 547 941 611 hac
963 547 1198 628 praepositione
1214 548 1310 627 signi·

165 647 291 714 ficetur
314 649 375 730 (cir
397 649 526 714 Eucken
548 669 579 731 p.
601 649 643 714 58
667 654 699 714 et
720 651 792 716 vide
815 668 897 731 quae
920 650 959 714 de
982 647 1039 711 ἐπί
1062 668 1088 714 c.
1112 649 1186 714 Dat.
1202 649 1311 715 simili·

165 757 220 815 ter
239 758 393 834 usurpato
414 753 550 818 diximus
567 772 597 833 p.
616 751 656 818 87
673 752 777 832 extu).
800 752 880 817 (ium
895 751 950 817 illo
966 753 1050 818 enim
1065 770 1124 817 usu
1141 751 1310 817 cohaerere

165 853 325 918 videntur
347 855 434 936 talia,
456 855 564 936 qualia
586 860 660 920 sunt
682 856 777 920 haec:
813 856 884 935 113,
908 877 951 919 n:
984 849 1178 934 εἰσάγονται
1201 851 1230 932 γ’
1252 850 1310 936 ἐφ’

166 951 347 1029 ἑαυτούς
371 951 403 1019 οἱ
427 957 538 1041 ἰατροὶ
559 955 747 1037 κάμνοντες
770 954 892 1029 ἄλλους
913 955 1061 1040 ἰατρούς,
1078 957 1229 1038 „nehmen
1244 957 1311 1024 sich

167 1078 232 1124 zur
258 1060 411 1141 Heilung“
434 1060 586 1138 (Kirchm.
601 1079 632 1142 p.
651 1061 743 1141 105);
761 1099 793 1108 —
810 1061 860 1142 95,
875 1083 918 1124 ee:
942 1057 1131 1123 τάττουσιν
1148 1055 1309 1143 (αύτούς)

167 1159 243 1222 ἐπί
275 1181 312 1224 τε
345 1160 416 1235 τοὶς
439 1159 702 1247 ἀρχαιρεσίας
724 1163 775 1227 καὶ
800 1159 863 1234 τάς
885 1158 1052 1237 εύθύνας,·
1085 1163 1158 1240 242,
1182 1183 1213 1225 n:
1248 1159 1312 1226 ἐπὶ

168 1263 331 1328 τούτων
353 1267 523 1328 ἕκαστον
559 1301 595 1312 -
631 1263 864 1328 καθίστανται
887 1262 1000 1349 άρχαί,
1024 1266 1071 1330 cfr
1093 1267 1166 1345 240,
1188 1285 1235 1345 οε;
1271 1301 1309 1310 -

169 1369 251 1450 273,
274 1390 318 1432 no:
345 1367 416 1429 τοῖν
439 1361 584 1452 αἱρετιύν
606 1364 670 1432 ἐπὶ
692 1367 763 1440 τάς
785 1370 924 1452 κυρίας
946 1364 1083 1450 άρχάς,
1107 1368 1153 1432 cir
1175 1369 1248 1448 273,
1272 1393 1309 1448 νο,

170 1473 206 1537 in
232 1473 347 1553 quibus
380 1491 487 1554 quem
516 1473 554 1536 in
577 1490 681 1537 usum
705 1474 791 1553 quis
815 1472 1061 1546 adhibeatur,
1097 1473 1155 1536 cui
1177 1474 1232 1537 rei
1254 1491 1311 1553 ge·

171 1575 320 1640 rendae
351 1573 616 1655 praeficiatur
649 1572 706 1634 ἐιιί
729 1593 753 1640 ο.
778 1575 850 1640 Ace.
873 1576 1001 1640 indicat.
1045 1575 1096 1639 Ab
1118 1576 1181 1641 illis
1203 1580 1310 1640 autem

173 1677 330 1758 exemplis
353 1695 416 1741 non
439 1677 573 1742 multum
596 1676 747 1743 differunt
769 1679 857 1755 haec,
892 1679 925 1742 in
948 1679 1062 1760 quibus
1085 1696 1198 1744 sensns
1219 1697 1312 1760 prae-

173 1781 345 1863 positionis
367 1785 477 1863 operie
499 1781 602 1848 finalis
625 1786 686 1848 ost:
727 1784 797 1861 124,
822 1804 865 1846 eo:
889 1778 1048 1866 θηρεύειν
1069 1779 1134 1845 ἐπὶ
1165 1783 1312 1862 θοίνην

175 1879 374 1965 ἢθυσίαν
407 1880 631 1967 &coponem
667 1887 739 1964 236,
764 1909 803 1949 10:
839 1882 936 1948 κοινά
966 1883 1147 1956 ποιοῦντες
1169 1882 1213 1946 τοὶ
1236 1880 1311 1964 κτή-

175 2005 271 2065 ματα
293 1995 366 2058 τοῖς
388 1982 531 2070 άπύροις
552 1985 617 2053 ἐπὶ
649 1986 722 2069 την
756 1985 919 2070 χρῆσιν,·
952 1991 982 2068 5,
1005 2010 1047 2052 as:
1082 1985 1129 2059 οίς
1161 1985 1225 2050 ἐπὶ
1247 1983 1311 2047 τά·

178 2092 325 2152 ναντία
348 2087 422 2152 ἔστι
445 2091 594 2173 χρῆσθαι
609 2087 760 2170 μάλιστα
768 2114 777 2166 ,·
803 2093 875 2172 287,
888 2115 929 2155 υιε
954 2091 1025 2152 cciv
1048 2085 1311 2171 ἐπιχειρούντων

177 2189 248 2256 ἐπὶ
278 2187 351 2274 τὴν
373 2193 444 2255 τού
474 2192 657 2273 σώματος
679 2191 937 2278 διαφθοράν,·
962 2195 1032 2272 147,
1056 2216 1097 2256 rs:
1132 2187 1173 2252 ci
1196 2189 1226 2254 δ’
1247 2190 1310 2256 ἐπὶ

179 2295 250 2367 τάς
283 2291 405 2374 τιμάς
438 2297 493 2360 καὶ
515 2295 577 2368 τάς
598 2294 762 2380 ου’πορίας
784 2294 900 2369 octog
924 2299 989 2357 εἰσι
1012 2293 1192 2358 κάλλισται
1215 2290 1311 2377 πρά-

179 2400 273 2474 ξεις,
304 2401 543 2484 „Handlungem
567 2402 686 2467 welche
708 2402 765 2467 aui
787 2401 906 2466 Wiirde
929 2403 995 2466 uod
1025 2437 1057 2458 -ι
1082 2435 1122 2446 -
1147 2395 1308 2465 abzielen“

180 2503 334 2579 (Kirchm.
364 2522 396 2585 p.
431 2505 522 2586 136);
556 2539 591 2550 ψ
631 2505 660 2583 8,
684 2527 728 2569 rs:
756 2503 830 2566 ἔνια
854 2502 1003 2587 διέστηκε
1026 2502 1069 2566 τά
1093 2504 1155 2582 μὲν
1178 2500 1245 2566 ἐπὶ
1266 2500 1310 2564 τύ

180 2601 381 2690 ἄρχεσθαι
412 2605 460 2668 τά
484 2605 514 2665 δ’
536 2605 601 2671 ἐπὶ
624 2607 668 2669 τύ
693 2602 851 2691 άρχεινς
885 2609 956 2685 152,
981 2627 1024 2670 eo:
1059 2614 1194 2688 κρατεῖν
1217 2599 1311 2686 Ιἤσκη-

180 2725 238 2771 σεν
261 2707 328 2775 ἐπὶ
349 2707 393 2770 το
417 2708 487 2771 τάν
509 2707 611 2783 πέλας
633 2705 783 2792 ἄρχειν.

540 2971 577 3035 b.
610 2971 661 3034 In
683 2969 952 3036 Ath.1²olit.

284 3123 400 3190 Rarius
423 3142 518 3205 quam
541 3141 613 3189 cum
636 3126 751 3190 ceteris
772 3124 899 3190 casibus
921 3121 977 3184 ἐιιί
993 3142 1019 3188 e.
1035 3123 1222 3189 Accusativo
1239 3140 1311 3186 con·

181 3229 322 3293 iunctum
345 3229 504 3293 invenitur
526 3229 581 3309 (24
603 3228 706 3306 locis).

285 3333 315 3408 1)
339 3329 466 3394 Locoiis
487 3352 576 3412 osus,
599 3349 728 3413 -quo
752 3350 822 3397 cnm
845 3331 949 3396 verbis
972 3336 1092 3397 motum
1109 3330 1313 3412 significanti·

182 3433 240 3498 bus
264 3434 464 3499 coniunctum
497 3430 554 3494 ἐπί
583 3453 608 3498 c.
633 3434 706 3500 Aee.
729 3452 801 3515 quo
824 3433 914 3514 quid
937 3439 1134 3498 moueatur
1156 3431 1313 3513 significat

181 3573 232 3618 -‚
255 3557 293 3602 eo
316 3537 450 3618 primum
473 3536 662 3619 proferenda
684 3543 759 3604 sunt
781 3536 936 3618 exempla,
959 3538 991 3600 in
1014 3535 1129 3618 quibus
1151 3532 1208 3596 ἐπί
1222 3554 1313 3617 prae·

181 3641 338 3722 positione
362 3657 421 3704 res
443 3638 650 3719 significatur,
684 3641 792 3705 euius
815 3641 851 3704 in
873 3637 1117 3720 superficiem
1140 3637 1198 3702 vel
1221 3656 1314 3703 sum·

182 3760 272 3808 mam
295 3759 419 3808 aream
443 3743 524 3824 quis
546 3762 585 3807 se
608 3760 755 3807 movere
777 3743 930 3822 dicitur,
965 3745 1001 3805 ut
1022 3742 1202 3822 germanica
1222 3759 1314 3823 prae·

182 3847 338 3928 positione
360 3843 458 3928 ,τοίιι
481 3865 507 3911 c.
531 3845 629 3910 Ace:
653 3847 704 3926 61,
727 3869 769 3910 m:
805 3840 994 3924 ἀναβάντες
1028 3840 1058 3904 δ’
1080 3842 1145 3909 ἐπὶ
1166 3843 1314 3906 τοῦτον

182 3945 272 4034 (τόν
294 3944 430 4030 λίθον)
454 3945 623 4027 ὀμνύουσι
647 3945 783 4020 δικαίως
807 3943 923 4030 ἄρξειν
932 3970 941 4024 ,·
964 3948 1014 4028 28,
1039 3971 1067 4012 c:
1091 3945 1314 4029 καταπλαγεὶς

182 4049 312 4126 καθίζει
345 4087 388 4097 -
420 4049 485 4116 ἐπὶ
506 4052 579 4114 τον
601 4047 709 4134 μωμό
717 4073 735 4114 ν
768 4051 837 4127 (ubi
863 4071 903 4115 ex
925 4059 1002 4117 nota
1024 4050 1218 4116 Graecorum
1241 4071 1314 4118 con·

183 4155 350 4221 suetudine
374 4155 497 4222 dicendi
531 4155 570 4220 de
604 4161 703 4221 motu
736 4156 771 4220 in
805 4173 907 4220 aram
941 4155 1142 4235 cogitandum
1176 4154 1249 4230 est).
1275 4187 1311 4202 -

184 4258 264 4324 Tum
293 4255 496 4324 verederio.
519 4259 593 4324 Ace.
625 4260 667 4324 de
691 4279 729 4326 re
762 4260 900 4342 positum
924 4260 1108 4338 invenimus,
1142 4259 1202 4325 cui
1224 4257 1315 4340 quid
