3284 5142
1206 404 1247 468 69

259 599 293 681 2)
325 599 456 665 Plurimi
491 604 564 665 sunt
598 601 668 679 loci,
703 601 817 680 quibus
850 593 947 678 μετά,
967 620 992 665 c.
1023 600 1094 665 Ace.
1127 600 1290 678 temporati

157 721 252 765 sensa
287 705 426 784 positum
460 708 573 784 exstat,
607 709 736 769 utrem
765 703 904 785 aliquam
930 705 1058 785 „posn‘
1084 705 1216 770 aiteram
1240 703 1290 766 vel

157 803 237 869 alias
270 805 423 870 accidisse
456 804 621 886 significet.
667 804 718 870 Sia
748 807 778 869 in
801 805 1015 871 locutionibus
1036 803 1137 885 μετὰ
1160 805 1291 867 ταῦτα

158 905 203 984 (8,
219 926 259 984 ιι;
276 908 328 986 23,
344 927 388 986 ιο;
406 907 476 988 186,
489 907 541 988 an),
564 904 608 970 τό
633 905 731 987 μετὰ
754 907 884 969 ταῦτα
908 908 973 986 (85,
985 910 1022 988 a),
1044 905 1143 985 μετὰ
1167 905 1292 969 τοῦτο

156 1009 241 1090 (118,
258 1030 304 1088 ²03
327 1010 400 1089 263,
417 1013 454 1090 ι),
477 1005 521 1071 τὸ
542 1008 642 1090 perui
666 1007 789 1072 νοοῖτο
813 1011 900 1092 (229,
917 1010 967 1091 ιο).
999 1009 1134 1076 Similia:
1162 1011 1231 1087 178,
1248 1033 1291 1074 ao:

155 1105 257 1190 μετὰ
290 1111 340 1173 τα
373 1109 545 1194 Μηδικά,
579 1112 626 1178 cfr
648 1115 721 1192 252,
744 1134 785 1185 aa:
811 1149 846 1159 -
873 1115 946 1195 251,
970 1135 1012 1178 ae:
1034 1109 1135 1193 μετὰ
1158 1112 1206 1175 τοὶ
1230 1133 1292 1175 τυ-

157 1209 346 1294 ραννικοι’,·
383 1214 432 1298 76,
457 1238 498 1280 ee:
536 1214 635 1295 μετὰ
673 1215 747 1298 τὴν
784 1214 855 1278 τοῖν
894 1212 1073 1298 τυράννων
1111 1212 1293 1299 ἐκβολήν,

161 1318 230 1396 196,
255 1339 297 1381 m:
329 1315 429 1395 μενά
462 1315 532 1391 τοὶς
564 1315 787 1397 μεταβολάς
820 1316 891 1380 τῶν
918 1315 1119 1394 antimum,-
1153 1320 1226 1393 211,
1249 1340 1291 1382 ιιι

155 1417 257 1498 patei
288 1416 359 1492 τοίς
388 1417 609 1500 panateria,-
641 1421 714 1501 249,
737 1441 779 1485 aa:
801 1418 901 1500 pasci
924 1419 1000 1503 νὴν
1021 1417 1056 1486 ἐν
1083 1415 1293 1504 Οἰνοφύτοις

156 1518 302 1603 primm·
334 1523 407 1604 255,
430 1543 472 1588 ³1:
505 1522 604 1605 μετα
638 1519 710 1586 τὸν
744 1520 1009 1604 αἀοικισμόνς
1033 1525 1104 1606 109,
1128 1545 1169 1588 re:
1192 1521 1291 1602 μετὰ

158 1623 229 1707 κὴν
251 1622 471 1711 κριὴμορον
493 1635 600 1691 κινεῖν
621 1624 741 1702 ἔξεστι.

261 1729 375 1796 Restat
405 1730 444 1795 de
473 1749 535 1814 quo
566 1732 707 1798 dieamus
737 1732 824 1796 locus
849 1732 920 1813 163,
944 1757 980 1812 οι,
1005 1731 1060 1798 ubi
1081 1733 1162 1798 haec
1183 1732 1292 1813 tegun-

159 1837 224 1896 tur:
247 1829 311 1894 δύο
334 1829 365 1893 d’
386 1833 473 1895 εἰσίν
496 1826 622 1918 ἡλικίαι
644 1832 729 1918 αρὸς
751 1831 790 1908 ἃς
811 1827 998 1915 ἀναγκαῖον
1022 1832 1207 1918 διῃρῆσθαι
1228 1829 1293 1916 κὴν

158 1932 329 2011 παιδείαν,
359 1935 459 2015 μετὰ
488 1933 561 2021 τὴν
583 1931 661 1999 ἀπὸ
685 1935 764 1999 τοῖν
786 1933 888 2000 ἑπτα
910 1939 1025 2023 μέχρις
1047 1933 1126 2020 ἡβης
1148 1940 1204 1998 καί
1226 1932 1279 1998 ποῖ

159 2034 213 2099 λιν
233 2035 336 2116 μετὰ
359 2033 432 2121 τὴν
455 2033 520 2123 ἀφ’
542 2035 635 2124 ἥβης
656 2042 755 2125 μέχρι
778 2042 847 2103 τῶν
869 2037 943 2114 ἑνός
966 2042 1022 2102 καί
1045 2039 1172 2102 εἴκοσιν
1193 2037 1290 2102 ἐτοῖν.

159 2141 293 2207 Videtur
315 2144 347 2208 in
367 2143 416 2208 his
437 2141 525 2222 μετά
548 2161 574 2207 c.
599 2144 672 2209 nce.
696 2146 840 2210 similiter
864 2144 1085 2226 explicandum
1109 2163 1179 2210 esse
1194 2149 1291 2226 atque

158 2247 189 2311 in
212 2245 374 2312 locutione
399 2245 479 2325 μεθ’
501 2243 636 2331 ἡμέραν.
682 2246 770 2313 Sicut
792 2251 875 2314 enim
896 2244 977 2328 μεθ’
999 2245 1129 2333 ἡμέραν
1150 2248 1291 2329 (proprie

161 2353 252 2431 ,post
274 2349 408 2424 lueem“,
443 2356 535 2431 „post
557 2353 662 2415 ortum
684 2351 797 2430 lueis“)
832 2352 915 2416 idem
948 2351 1034 2416 valet
1055 2355 1152 2433 atque
1177 2351 1292 2436 „inter-

159 2454 244 2533 diu“,
271 2471 341 2526 „am
363 2452 468 2535 Tage“
492 2455 537 2519 sic
558 2450 645 2531 μετὰ
667 2451 749 2537 (τήν
771 2449 921 2538 ἡλικίαν)
943 2451 1008 2536 οὴν
1030 2451 1101 2515 aaa
1117 2450 1188 2515 τῶν
1203 2447 1291 2515 ἑπτα

159 2553 289 2639 (ἐτοῖν),
312 2555 397 2637 quod
420 2562 469 2620 est
491 2557 618 2637 proprie
643 2559 735 2638 ,post
757 2576 828 2622 eam
848 2561 995 2633 aetatem,
1019 2574 1101 2638 quae
1122 2557 1291 2637 aseptimo
1371 2572 1375 2579 ·

159 2676 240 2723 anno
263 2655 406 2740 iucipit“,
439 2659 500 2723 hoo
534 2659 604 2723 loeo
638 2658 796 2739 signifieat
828 2665 901 2740 post
935 2664 1040 2724 ortum
1073 2659 1141 2723 eius
1164 2660 1290 2734 aetatis

159 2781 238 2842 quae
261 2782 281 2827 a
302 2762 436 2843 septimo
459 2780 542 2828 anno
564 2763 685 2843 incipit,
708 2764 727 2826 i.
751 2781 779 2827 e.
802 2781 840 2830 ea
862 2764 977 2837 aetate,
1001 2781 1083 2843 quae
1106 2795 1147 2807 -
1173 2795 1210 2806 —
1235 2796 1288 2826 —.

507 3039 545 3104 b.
588 3041 641 3104 In
661 3039 769 3105 Ath.
790 3039 932 3105 Polit.

417 3209 459 3273 66
482 3210 559 3276 locis
580 3204 669 3288 μετά
695 3230 720 3275 ο.
744 3209 818 3276 Aac.
842 3212 1028 3278 invenimus.

262 3365 292 3443 1)
316 3365 365 3429 Ad
399 3363 568 3428 ordinem
598 3364 657 3428 vel
679 3364 814 3428 seriem
837 3354 959 3428 rerum
995 3366 1196 3431 indicandam
1220 3382 1294 3430 nus·

158 3488 251 3549 quam
275 3476 325 3533 est
347 3473 545 3550 usurpatum.

260 3573 297 3637 In
334 3571 535 3653 dignitatis
569 3572 627 3636 vel
658 3573 920 3652 praestantiae
941 3572 1062 3653 gradu
1085 3571 1291 3652 significando

159 3677 301 3756 positum
336 3679 385 3738 est
418 3673 531 3739 semel:
567 3674 617 3754 31,
641 3697 685 3738 2³:
709 3670 848 3738 δοκοῦσι
872 3673 908 3737 δὲ
929 3670 1099 3754 βέλτιστοι
1122 3674 1293 3756 γεγονέναι

158 3776 227 3840 τοῖν
248 3774 413 3861 Ἀθήνησι
434 3774 735 3858 πολιτευσαμένων
767 3777 869 3859 paeni
892 3777 985 3853 τούς
1007 3773 1198 3860 ἀρχαίους
1232 3781 1292 3840 Νι-

157 3883 229 3953 κίας
251 3883 307 3942 καί
333 3877 541 3962 Θουκυδίδης
562 3882 618 3941 καί
646 3881 849 3967 Θηραμένης.

258 3985 293 4064 2)
317 3983 419 4048 Multo
453 3988 561 4049 autern
594 4004 690 4066 quam
724 3986 756 4050 in
790 3986 932 4052 Potiticis
966 3987 1094 4068 saepius
1129 3985 1293 4064 temporali

157 4107 252 4152 eursu
286 4090 466 4168 usurpatur.
514 4086 617 4168 Atque
645 4107 685 4152 ex
714 4089 861 4155 omnibus
884 4089 1077 4156 creberrimo
1102 4107 1161 4154 usu
1184 4088 1294 4153 tritum

158 4196 206 4255 est
237 4187 338 4268 μετα
371 4185 445 4272 (tt)
478 4187 627 4266 ταῦτα,
650 4207 746 4273 quam
770 4193 962 4258 locutionem
985 4194 1025 4258 27
1050 4191 1128 4256 locis
1151 4190 1293 4270 legimus

160 4293 205 4360 Eu
238 4299 417 4360 ceterorum
450 4294 666 4378 exemplorum
700 4294 905 4364 multitudine
928 4313 1030 4378 pauca
1053 4292 1198 4358 addimus
1221 4311 1293 4376 gra·
