3284 5142
383 379 424 446 68

337 577 457 643 tentiae
481 577 680 642 referendum
704 567 769 652 est,
785 579 805 642 i.
830 598 858 641 ο.
882 576 935 640 nbi
958 596 1020 642 nou
1044 576 1083 641 de
1107 576 1287 642 hominibus
1311 578 1364 658 qni
1385 596 1467 642 eoru·

337 680 475 746 munitet
507 681 625 762 aliquid
660 683 769 760 egunt,
803 680 859 746 sed
882 681 944 761 qui
967 681 1216 744 cummuniter
1239 680 1382 746 actioni
1404 679 1467 744 nii·

337 783 395 846 eui
428 783 571 848 obiecti
602 789 690 847 sunt
712 787 899 865 usurpatur:
924 783 1023 858 15,1:
1048 777 1139 866 (την
1162 780 1347 865 γυναῖκα)
1371 778 1468 862 κατη-

338 904 435 967 γαγεν
449 883 531 964 μετ’
547 881 689 960 aniene&
705 887 756 961 22,
769 908 811 950 10:
824 881 1043 968 Ἰσαγόραν-
1056 888 1112 945 καί
1128 887 1384 968 τριακοσίους
1398 881 1469 945 τῶν

338 986 449 1074 φίλων
481 986 562 1069 μετ’
596 983 722 1049 ου’τοῦ
753 991 888 1071 κυρίους
920 985 1150 1063 καθιστάναις
1186 990 1236 1069 32,
1260 1010 1301 1052 εει
1329 983 1468 1050 ἑλέσθαι

336 1089 435 1171 μετα
458 1091 537 1153 τῶν
558 1086 854 1175 τρουταρχόντοιν
869 1127 909 1137 -
924 1085 1163 1174 προβούλων
1178 1085 1339 1165 ἄλλουςς
1361 1090 1413 1171 69,
1427 1114 1467 1154 ie:

337 1188 375 1260 αἱ
405 1195 468 1273 μὲν
501 1192 588 1274 μετ’
619 1192 739 1257 ἐννέα
772 1191 984 1279 α’ρχόντων
1011 1229 1055 1240 -
1085 1229 1122 1240 -
1154 1189 1376 1278 κληρούμενοι
1412 1195 1467 1274 (sc.

337 1297 465 1383 οἷρχαί).

439 1403 473 1484 2)
496 1403 629 1469 Duobus
658 1421 737 1485 quos
767 1403 857 1468 initio
888 1404 1068 1484 excepimus
1096 1401 1173 1466 loeis
1200 1397 1288 1480 μετά
1311 1417 1382 1464 eum
1406 1397 1467 1463 Ge·

336 1507 442 1572 nitivis
464 1524 592 1572 rerum
616 1507 826 1586 coniungitur.

440 1608 550 1673 Altero
572 1609 642 1673 loco
665 1627 739 1673 rem
762 1609 915 1690 negotio
938 1609 1053 1674 alieni
1068 1608 1281 1672 adiunctam
1298 1604 1468 1684 significet:

339 1711 387 1788 19,
410 1733 452 1776 ιιι
475 1707 516 1773 ου
538 1705 603 1795 γὰρ
626 1707 779 1790 ἔτεμτον
800 1709 965 1791 τό<τε>
987 1708 1074 1791 μεθ’
1096 1705 1241 1773 ὅπλων.

439 1813 474 1898 3)
498 1814 608 1881 Altero
631 1815 814 1896 quomodo
837 1815 926 1896 quid
948 1814 1033 1880 fiat:
1056 1813 1108 1893 28,
1132 1835 1159 1877 ιι
1183 1808 1346 1893 διελέγετο
1367 1807 1469 1890 μετὰ

338 1914 511 1999 σπουδῆς
534 1913 661 1989 αυτοῖς.

694 2206 734 2272 Β.
774 2205 861 2275 eum
882 2205 1107 2274 Aeensetive.

704 2413 738 2463 e.
784 2399 836 2462 In
856 2398 1095 2463 Ponticis,

611 2570 653 2633 25
675 2568 752 2634 loeis
776 2568 935 2634 invenitur
955 2565 1043 2648 μετά
1066 2586 1092 2631 e.
1117 2569 1191 2634 Ace.

439 2743 468 2817 l)
500 2740 604 2807 δοκέει
636 2762 704 2806 uere
738 2741 829 2806 ίοοοίί
861 2759 1016 2823 nusquam
1050 2746 1237 2822 usurpatum
1268 2745 1325 2821 est,
1350 2742 1405 2806 sed
1428 2762 1468 2806 ex

336 2846 431 2911 locali
463 2844 692 2928 significatione
727 2844 913 2909 translatum
926 2842 954 2920 *)
978 2844 1107 2925 ponitur
1130 2844 1161 2908 in
1184 2842 1391 2923 significanda
1413 2864 1467 2910 se

335 2950 390 3014 rie
423 2947 485 3012 vel
512 2947 645 3013 urdine
677 2965 793 3025 rerum,
828 2947 874 3011 ita
907 2949 1032 3010 utrem
1055 2944 1220 3026 significet,
1244 2964 1339 3026 quem
1363 2947 1467 3012 altere

335 3052 489 3132 excipere,
513 3050 562 3114 cui
585 3050 662 3132 quid
685 3049 864 3131 proximum
887 3067 957 3114 esse
979 3050 1104 3114 dieitur.
1149 3047 1200 3112 Sie
1222 3047 1274 3127 58,
1298 3065 1339 3112 ιιι
1366 3047 1466 3128 μετὰ

335 3153 397 3237 γαρ
425 3154 474 3215 τοὶ
504 3149 579 3215 νῦν
609 3148 784 3236 ῥηθέντα
804 3159 877 3223 τοῖς
898 3149 975 3234 περὶ
996 3150 1060 3234 την
1083 3146 1284 3231 ἀνωμαλίαν
1307 3152 1368 3234 τῆς
1390 3148 1468 3234 κτή-

336 3271 417 3327 σεως
449 3251 679 3337 ἐπιτιμήσειεν
712 3248 757 3318 ἄν
778 3270 847 3330 τις,·
882 3255 953 3335 105,
976 3275 1016 3318 ee:
1039 3250 1139 3333 μετὰ
1162 3249 1256 3327 τούς
1277 3254 1468 3338 εἰρημένους

335 3354 534 3440 λόγους-
559 3393 600 3404 -
624 3357 822 3442 σκέψασθαι
855 3360 933 3441 τερλ
967 3354 1155 3438 βασιλείαςς
1187 3359 1260 3436 240,
1289 3379 1330 3421 ιοι
1366 3356 1467 3437 μετιλ

335 3459 376 3523 δὲ
407 3458 561 3544 ταύτην
593 3454 735 3546 (ἀρχήν)
768 3458 907 3545 ἐχομένη
928 3463 992 3541 μὲν
1017 3457 1173 3524 -ἐστιν
1203 3453 1323 3544 ἤτερί
1346 3497 1387 3508 -
1411 3497 1462 3542 —‚

336 3564 383 3629 cfr
405 3566 477 3638 241,
500 3589 538 3629 ιο.
562 3600 603 3610 -
626 3564 737 3647 Neque
760 3565 799 3631 eb
823 3567 877 3630 ilio
903 3585 961 3631 usu
983 3566 1094 3648 procul
1118 3566 1215 3630 distet
1236 3566 1274 3645 is,
1297 3584 1360 3646 quo
1378 3561 1466 3644 μετά

335 3669 375 3734 de
403 3669 497 3734 rebus
526 3668 663 3750 ponitur,
697 3687 717 3733 a
746 3669 861 3750 quibus
883 3671 959 3750 quid
982 3669 1171 3750 dignitate
1194 3668 1253 3732 vel
1276 3671 1466 3749 praesten-

335 3772 389 3835 tie
411 3770 594 3852 secundum,
611 3773 789 3852 proximum
812 3777 876 3838 est:
899 3774 951 3852 44,
969 3794 1010 3838 ³1:
1035 3772 1064 3834 εἰ
1087 3767 1117 3832 δ’
1139 3763 1184 3842 ιλς
1207 3767 1352 3854 α’ρίστην
1366 3768 1466 3849 μετὰ

335 3872 409 3957 τήν
440 3870 601 3957 πρώτην
633 3871 863 3952 πολιτείαν,
897 3870 938 3938 οὐ
973 3872 1081 3948 καλῶς
1114 3871 1290 3959 (εἴρηκεν),·
1325 3874 1396 3954 186,
1425 3895 1466 3939 ιιι

334 3979 387 4049 τίς
420 3970 633 4059 αἱρετωτάτη
663 3973 764 4056 μετὰ
791 3976 863 4062 τήν
885 3974 1054 4061 α’ρίστην
1075 3972 1306 4054 πολιτείανς
1328 3979 1400 4058 232,
1425 3999 1466 4042 ie:

334 4077 432 4160 μετιλ
456 4075 492 4141 δέ
513 4074 558 4142 τὸ
580 4079 790 4164 γεωργικόν
812 4078 967 4165 πλῆθος
988 4077 1161 4163 βέλτιστος
1183 4075 1287 4163 δῆμός
1309 4077 1411 4145 ἐστιν.

437 4305 467 4375 θ)
485 4303 525 4358 cfr
547 4303 695 4362 Mommsen
718 4304 736 4360 l.
755 4321 777 4359 ο.
795 4319 820 4373 p.
839 4305 872 4358 42
896 4309 925 4360 et
949 4303 1062 4360 Kiihner
1085 4303 1176 4368 5439,
1196 4304 1241 4358 111
1259 4303 1308 4360 sub
1329 4305 1358 4368 1)
1376 4303 1406 4376 a)
1424 4305 1464 4373 β).
