3284 5142
1215 361 1256 429 89

171 552 266 633 opud
290 571 396 635 quern
420 553 507 636 quid
531 559 601 629 est,
624 553 683 634 fit,
707 558 846 636 evenit,
873 557 919 621 ito
941 561 977 620 ut
998 557 1185 637 germanicis
1208 575 1298 640 pree·

170 655 380 736 positionibus
416 660 498 736 „an“
536 663 591 723 aut
625 657 725 736 „bei“
755 660 957 740 respondeat.
1002 660 1094 726 Illam
1116 662 1178 726 vim
1202 659 1299 724 hebet

171 761 200 837 7,
223 782 249 822 n:
279 756 458 822 α’νάκεισαι
490 755 550 844 γάρ
581 758 615 825 ἐν
643 757 838 844 Ἀκροπόλει
864 759 974 838 είκοίν,
1001 800 1035 809 -
1062 761 1120 846 ἐφ’
1146 754 1166 846 η’
1194 761 1295 843 ἐπιγέ-

171 879 319 943 γρααται
352 860 443 938 τάδε,
478 866 527 930 eui
555 863 717 946 adscripta
747 873 822 931 sunt
844 866 930 942 hoec,
954 887 994 932 an
1017 867 1088 932 dein
1112 866 1198 932 diese
1221 865 1299 932 Aui-

170 963 281 1029 schrift
315 967 509 1048 engebractt
541 969 598 1047 ist3
633 967 714 1033 hone
746 971 954 1050 posteriorem
982 970 1030 1036 his
1059 969 1150 1036 locis:
1180 969 1230 1049 15,
1255 989 1296 1034 u:

171 1065 304 1149 νικήσας
338 1067 373 1130 δὲ
405 1069 478 1152 την
511 1067 575 1132 ἐπί
609 1068 831 1153 Παλληνίδι
852 1068 1024 1158 μάχ[η]ν,
1048 1072 1095 1136 cfr
1120 1074 1167 1150 18,
1192 1094 1232 1152 ιι;
1259 1107 1296 1118 -

170 1173 220 1250 64,
252 1193 294 1235 ro:
329 1169 448 1234 ἔπειτα
482 1170 516 1256 (ὁ
551 1171 707 1253 βασιλεῦς
739 1171 964 1258 ἐπιμελεῖται)
998 1177 1191 1237 Διονυσίων
1220 1175 1298 1237 eoin

169 1269 232 1333 ἐπί
256 1278 431 1360 Ληναίῳ,
459 1277 559 1349 „beim
576 1277 653 1340 L-
667 1277 871 1358 heiligthunr‘
891 1278 943 1358 (K.
960 1284 992 1344 et
1008 1279 1046 1343 K.
1065 1299 1093 1359 p.
1110 1279 1178 1356 98);
1202 1281 1252 1354 65,
1269 1301 1297 1343 ιι

170 1374 296 1459 sonesti
318 1379 382 1454 μὲν
404 1376 483 1462 ἐσσί]
507 1376 720 1464 Παλλαδίῳ
744 1375 798 1463 (αἱ
814 1377 904 1442 δίκαι
920 1380 1021 1464 είσί),·
1043 1382 1094 1460 65,
1110 1405 1139 1444 o:
1156 1377 1297 1464 τούτ[ῳ]

170 1473 205 1538 δὲ
226 1477 322 1564 [εἰι]ί
346 1479 548 1565 Δελφινίῳ
572 1479 776 1555 δικάζουσιν.

271 1585 305 1664 2)
328 1584 438 1666 Neque
468 1585 508 1651 ed
539 1584 778 1667 significandam
802 1604 878 1666 rem,
903 1589 952 1653 cui
976 1587 1051 1667 quid
1074 1587 1216 1652 additum
1239 1591 1297 1668 est,

172 1703 273 1767 neque
307 1689 419 1754 eedem
452 1691 481 1752 vi
505 1707 570 1769 qua
590 1688 804 1770 germanicum
830 1690 982 1768 „neben“,
1009 1697 1170 1768 „ausser“,
1192 1687 1249 1751 εἀί
1271 1707 1297 1753 c.

171 1787 241 1853 Dat.
265 1796 449 1872 usurpatum
473 1791 586 1856 inveni.

270 1895 302 1973 3)
329 1892 431 1959 Senon
453 1916 521 1959 οειε
544 1895 716 1976 temporali,
741 1913 804 1978 quo
827 1896 977 1977 quondo
1000 1896 1050 1961 vel
1072 1915 1142 1977 quo
1158 1897 1194 1962 in
1210 1901 1298 1962 tem·

169 1998 271 2076 poris
299 1998 424 2079 spatio
452 1998 528 2080 quid
550 1997 607 2064 fiat
629 1997 794 2079 signifieat,
818 2034 858 2044 —
882 1999 936 2080 qui
959 2017 1034 2064 usus
1056 2000 1226 2080 praecipue
1249 2005 1298 2064 ent

169 2104 343 2180 poetarum,
378 2100 465 2183 apud
497 2102 619 2168 solutae
653 2101 804 2168 orationis
838 2102 1009 2183 scriptores
1044 2103 1202 2166 invenitur
1224 2118 1296 2166 raro

170 2200 212 2283 [v.
242 2223 312 2268 eux.
343 2223 395 2285 ap.
426 2203 612 2270 Kuhnerum
642 2203 754 2285 §438‚
785 2204 827 2283 ΙΙ,
852 2201 900 2287 2)]
935 2242 966 2250 -
999 2201 1056 2265 ἰαί
1078 2222 1105 2270 c.
1127 2205 1200 2270 Dat.
1225 2223 1297 2270 nus-

169 2325 261 2386 quam
295 2308 435 2388 positum
468 2313 526 2386 est,
561 2309 622 2374 nisi
655 2307 790 2374 sortasse
812 2307 979 2374 hocloco:
1003 2307 1054 2386 26,
1079 2330 1119 2372 ιιι
1142 2305 1221 2380 soeg
1243 2302 1298 2390 ὅρ-

168 2428 244 2480 κονς
278 2404 470 2488 ὤμοσεν-
496 2406 555 2492 ἐφ’
588 2407 645 2487 οίς
678 2413 734 2470 καί
761 2409 840 2482 σούς
862 2407 1013 2494 μύδρους
1035 2409 1070 2474 ἐν
1092 2414 1140 2496 τῷ
1161 2407 1297 2491 πελάγει

168 2513 343 2573 καθεῖσαν.
389 2511 449 2576 Sed
485 2531 524 2577 en
557 2532 595 2578 eo
629 2516 669 2588 vi,
698 2531 761 2594 quo
790 2531 856 2578 rent
886 2513 917 2578 in
946 2514 1047 2579 altera
1069 2516 1204 2596 positam
1228 2533 1297 2582 esse

168 2614 333 2696 significat,
363 2616 519 2682 translata
548 2616 673 2682 videtur
703 2616 744 2681 ad
767 2615 1005 2698 significandam
1027 2617 1192 2691 actionem,
1214 2636 1297 2698 quae

168 2718 327 2784 alterum
352 2719 507 2802 exeipit,
532 2720 561 2798 1,
584 2742 611 2784 r:
634 2714 847 2802 Ἐπιμενίδης
870 2716 900 2780 δ’
926 2755 956 2764 -
985 2754 1029 2766 -
1050 2716 1114 2780 ἐπὶ
1136 2717 1297 2793 τούτοις

167 2819 308 2906 ἐκάθηρε
330 2817 394 2904 τὴν
414 2819 527 2885 πόλιν.
562 2822 673 2888 Potest
695 2823 791 2903 igitur
814 2823 875 2887 diei
898 2822 976 2888 hoec
999 2824 1116 2888 locutio
1139 2821 1195 2885 ἐαί
1218 2819 1295 2885 τού-

168 2941 238 2998 τοις
260 2927 342 2991 idern
364 2924 471 2990 velere
494 2930 590 3007 atque
612 2921 698 3006 μετὰ
721 2925 833 2986 ταῦτα
857 2925 897 3005 (v.
920 2926 1049 2991 Eucken
1064 2944 1094 3006 p.
1112 2928 1149 2991 51
1169 2925 1297 3006 media),

167 3047 359 3110 quemquern
394 3029 470 3095 inihi
503 3030 629 3095 videtur
658 3031 754 3096 etiarn
777 3028 938 3110 quondam
961 3030 1100 3095 addendi
1122 3031 1184 3095 vim
1207 3030 1238 3094 in
1262 3047 1296 3094 se

166 3133 336 3213 includere,
353 3139 388 3197 ut
410 3133 492 3198 idem
509 3135 550 3198 sit
565 3139 660 3215 etque
675 3134 888 3215 germanicum
906 3133 1005 3210 „noch
1022 3133 1135 3210 dazn“‚
1154 3151 1297 3218 „eusser-

167 3235 270 3316 dern“,
293 3237 451 3302 iennioum
476 3236 599 3322 „ptille
621 3233 830 3318 peutteeksit
846 3271 885 3282 -
904 3236 1046 3302 Eundem
1067 3242 1164 3318 atque
1186 3237 1217 3302 in
1239 3233 1295 3297 ἐαί

167 3333 305 3411 τούτοις
327 3336 588 3418 significationem
611 3337 669 3400 ἐαί
690 3339 809 3405 habere
832 3339 956 3406 videtur
971 3341 1065 3406 etiarn
1082 3341 1134 3419 36,
1150 3361 1177 3403 ιι
1193 3337 1297 3421 μηνὸς

171 3439 406 3524 Θαργηλιῶνος
439 3438 603 3524 τετράδι
637 3439 699 3506 ἐντί
734 3440 824 3504 δέκα
858 3449 891 3506 et
920 3443 971 3522 36,
995 3464 1023 3507 o:
1053 3438 1080 3503 δ’
1111 3439 1173 3506 ἐπί
1206 3440 1296 3503 δέκα

168 3545 451 3630 Σκιροφοριῶνος.

267 3649 302 3729 4)
326 3648 414 3726 Quae
433 3668 463 3731 p.
480 3647 520 3713 87
537 3653 618 3714 extr.
635 3649 770 3714 diximus
786 3647 825 3713 de
840 3666 879 3713 eo
895 3667 954 3714 usu
970 3646 1027 3709 ἰαί
1041 3648 1295 3731 praepositionis

167 3771 229 3836 qno
252 3773 360 3836 quem
382 3754 427 3818 od
449 3753 562 3818 finem
585 3752 634 3818 vel
657 3771 729 3836 quo
752 3752 912 3818 consilio
935 3753 1024 3834 quid
1046 3751 1296 3833 fiotsignifioat,

166 3858 262 3922 etiem
285 3857 318 3921 in
342 3853 415 3920 Ath.
440 3854 533 3920 Polit.
555 3857 671 3923 valent.
707 3855 745 3919 In
767 3855 885 3921 talibus
900 3858 995 3935 euim,
1010 3855 1105 3936 qualo
1121 3858 1171 3919 est
1188 3855 1235 3934 13,
1254 3877 1295 3918 ιιι

168 3951 185 4040 ἡ
216 3959 286 4020 τοῖν
320 3955 481 4042 διακρίιιιν
515 3957 678 4042 (στάσις),
713 3956 771 4041 ἐφ’
798 3949 817 4041 ᾖ
851 3959 1091 4037 τεταγμένος
1114 3950 1161 4039 ἦν
1184 3960 1296 4020 Ιίεισί-

169 4077 324 4144 σαραεος,
348 4061 603 4143 sensuimus,
626 4063 701 4129 lieet
721 4081 783 4128 non
808 4079 889 4144 puro
911 4067 967 4128 aut
990 4061 1118 4143 propria
1141 4062 1192 4140 sit,
1215 4061 1296 4126 adeo

168 4167 306 4232 eminere
342 4165 478 4248 videtur,
511 4172 548 4230 ut
580 4168 627 4232 vis
660 4165 782 4232 consilii
813 4171 869 4230 out
891 4165 1064 4232 uoluntatis
1088 4181 1187 4245 poene
1209 4163 1297 4230 uuile

166 4276 329 4351 apparent.
374 4271 484 4352 Neque
518 4269 559 4336 ob
594 4272 655 4338 illis
687 4269 796 4352 procul
828 4271 948 4336 distent
978 4268 1069 4334 irone:
1094 4269 1122 4343 t,
1145 4290 1187 4334 ιιι
1213 4261 1230 4350 ἡ
1256 4303 1293 4310 -

1162 4397 1193 4450 12
