3284 5142
348 385 408 447 108

300 572 471 651 τούτους
503 575 595 650 τούς
628 575 800 648 σκοποιλς
833 580 888 636 καὶ
921 571 1049 648 παῖδας
1071 572 1122 637 ἔτι
1146 570 1249 646 ὄντας
1272 573 1435 636 παιδευ-

300 681 404 745 τέον.
450 681 554 745 Etiam
588 681 620 744 iu
654 681 808 763 principio
832 681 1010 746 sententiae
1033 674 1119 760 πρός
1142 698 1168 744 c.
1193 679 1264 743 Ace.
1289 678 1435 744 obsolute

302 784 438 865 positum
473 783 640 861 invenitur,
675 785 786 848 eodem
821 801 925 857 sensu,
960 785 1035 862 quo'
1057 781 1235 863 germanice
1270 799 1362 859 „was
1394 817 1434 825 -

302 884 493 952 botrium:
527 886 600 964 266,
624 907 669 950 rr:
704 881 802 968 πρὸς
835 881 871 946 δὲ
903 879 978 967 τὴν
1000 880 1057 944 διδ
1080 883 1125 945 τοὶ
1147 880 1325 966 τιμήματα
1346 903 1435 963 γινο-

300 989 404 1070 μένην
436 983 665 1072 μεταβζολήν
686 1023 728 1034 -
752 987 915 1070 συμφέρει
942 1007 989 1060 -;
1011 1005 1050 1052 ox
1080 986 1140 1051 hoo
1166 1005 1226 1051 usu
1249 985 1436 1066 explicando

302 1095 386 1165 sunt,
409 1108 490 1170 quae
513 1090 661 1171 leguntur
683 1092 735 1166 29,
760 1113 803 1154 ιιι
826 1085 877 1150 ἔτι
901 1084 937 1150 δὲ
959 1083 1085 1174 [πρὸς]
1108 1087 1153 1150 ro
1177 1083 1436 1160 τέλος-αἰλί-

303 1210 418 1267 νατον,
442 1193 535 1257 modo
558 1194 636 1258 hoec
658 1192 752 1258 lectio
775 1191 928 1274 probetur
949 1193 991 1274 (v.
1015 1191 1135 1256 Susem.
1152 1210 1182 1272 p.
1208 1192 1278 1272 160,
1302 1196 1367 1256 not.
1392 1190 1436 1271 7).

407 1297 437 1374 1)
461 1295 566 1360 Facile
599 1295 639 1360 ab
669 1295 730 1361 hoc
750 1314 810 1361 usu
833 1290 919 1379 πρός
941 1314 967 1361 ο.
992 1296 1065 1360 Aeo.
1090 1314 1128 1360 eo
1151 1295 1240 1360 abire
1263 1295 1376 1375 potuit,
1401 1299 1437 1357 ut

303 1397 347 1461 od
381 1415 488 1478 quum
511 1399 614 1478 quasi
637 1417 801 1463 normam
825 1398 913 1479 quid
936 1398 1126 1480 dirigatur
1147 1402 1213 1462 out
1234 1413 1436 1461 accommo-

303 1501 412 1565 detur
444 1499 609 1581 significet,
644 1501 732 1566 cuius
765 1499 1003 1582 significationis
1037 1499 1116 1565 hoec
1150 1500 1182 1563 iu
1216 1497 1357 1563 Politicis
1387 1516 1437 1563 re-

303 1602 467 1683 periuntur
489 1603 649 1685 exemplu:
680 1604 728 1682 14,
751 1625 796 1666 ro:
820 1597 908 1664 ὥστε
929 1601 1030 1685 πρὸς
1052 1601 1125 1673 τὰς
1148 1597 1358 1686 ῥαστώνας
1380 1603 1437 1661 καί

306 1741 343 1752 -
367 1697 387 1787 ἧ
412 1702 512 1788 φύσις
533 1703 613 1778 τοείς
635 1707 727 1785 βίους
749 1700 866 1768 αὐτοῖν
888 1701 1067 1788 διώρισενς
1090 1706 1200 1786 79,ιο;
1224 1698 1289 1786 τὴν
1310 1697 1437 1787 α’ρετήν

303 1803 490 1887 α’ναριιαίον
511 1798 616 1870 εἶναι
638 1811 701 1870 τοῦ
725 1806 870 1870 πολίτου
893 1806 992 1890 πρός
1013 1806 1088 1891 τήν
1102 1804 1332 1881 πολιτείαν,
1352 1808 1437 1885 „sich

303 1910 425 1976 riehten
459 1910 559 1974 nooh“
594 1911 738 1993 (Euokeu
771 1931 802 1994 p.
827 1913 869 1977 70
897 1911 1035 1988 extri.)
1070 1910 1259 1992 cir97,1o;
1295 1910 1368 1990 164,
1394 1929 1437 1988 ιι;

305 2012 376 2093 186,
401 2037 437 2088 re,
461 2033 504 2092 ιι;
539 2013 611 2094 269,
634 2035 679 2094 ιι;
712 2015 786 2094 271,
811 2039 847 2090 ιι,
870 2039 916 2092 ιο,
949 2016 1023 2090 272,
1046 2035 1089 2094 ιε;
1124 2051 1165 2060 -
1198 2014 1267 2093 179,
1293 2036 1335 2078 rr:
1358 2011 1439 2086 τούς

303 2119 460 2196 τεχνίτας
482 2114 563 2187 τούς
584 2114 681 2199 πρὸς
702 2113 831 2180 αδτόυ
852 2114 1073 2198 μελετῶντας,
1099 2118 1169 2196 „die
1193 2117 1260 2182 sich
1282 2116 1363 2181 noch
1379 2117 1439 2181 sei-

304 2240 374 2284 nem
398 2218 613 2286 Geschruacke
636 2221 822 2286 richtenden
845 2218 1035 2287 Virtuosen“
1062 2220 1199 2297 (Susum.
1223 2239 1252 2301 p.
1276 2220 1372 2300 621);
1395 2256 1437 2264 -

306 2324 376 2403 166,
401 2344 430 2386 o:
464 2316 556 2394 ὅπως
578 2321 622 2384 τοὶ
647 2321 788 2408 σώματα
814 2360 852 2370 -
875 2317 1010 2407 ὑπάρχῃ
1031 2323 1130 2408 πρὸς
1153 2319 1230 2404 τὴν
1251 2322 1315 2384 τοῦ
1338 2342 1439 2402 νομο-

303 2426 409 2486 θέτου
441 2419 646 2509 βοδλφσινς
681 2427 751 2508 163,
774 2447 818 2491 ³8:
852 2421 914 2488 δύο
949 2422 979 2487 δ’
1012 2427 1102 2488 εἰσὶν
1124 2419 1250 2508 ἡλικίαι
1272 2422 1371 2508 πρὸς
1392 2423 1439 2498 ἃς

303 2523 489 2608 α’ναγκαίον
511 2524 730 2612 διῃρῆσθαι
752 2529 817 2613 τήν
838 2526 1009 2604 παιδείαν,
1033 2529 1080 2595 cfr
1102 2531 1176 2610 214,
1200 2549 1243 2608 ιι;
1257 2563 1295 2575 ·-
1309 2530 1382 2609 204,
1394 2552 1437 2592 ro:

304 2633 356 2702 τίς
389 2627 420 2692 δ’
454 2624 575 2714 ἀρίστη
607 2629 763 2694 πολιτεία
795 2673 828 2680 -
858 2630 943 2716 μήτε
975 2629 1075 2715 πρὸς
1109 2627 1255 2717 α’ρετὴν
1289 2635 1440 2714 συγκρί-

304 2749 418 2796 νουσι
454 2771 503 2809 -,
536 2732 621 2818 μήτε
654 2735 752 2818 πρὸς
784 2732 976 2798 παιδείαν
998 2774 1050 2811 -,
1072 2731 1170 2818 μήτε
1202 2733 1298 2818 πρὸς
1330 2732 1439 2797 πολι-

304 2842 429 2904 τείαν.
473 2838 604 2905 Locutio
627 2836 725 2922 πρὸς
748 2837 854 2924 (τήν)
877 2833 1093 2921 ὑπόθεσιν,
1126 2839 1227 2912 „noch
1249 2839 1337 2903 einer
1359 2837 1440 2902 Vor-

261 3015 264 3020 ,
305 2947 493 3024 aussetzung
516 2942 558 3023 (v.
583 2943 712 3008 liuckon
736 2962 765 3023 p.
790 2944 832 3008 70
854 2941 949 3025 extr.)
973 2944 1005 3007 in
1028 2943 1171 3008 Potitiois
1193 2941 1310 3022 legitur
1326 2941 1376 3006 his
1393 2939 1439 3004 lo-

305 3048 366 3112 cis:
393 3047 463 3124 136,
487 3067 531 3124 ³93
557 3046 627 3126 198,
651 3066 681 3125 r;
704 3046 777 3127 208,
801 3072 823 3127 ο,
849 3071 885 3111 ro.

409 3147 443 3229 8)
465 3146 660 3214 Consulem
678 3149 864 3231 quandam
880 3149 966 3223 vim,
983 3168 1046 3230 qua
1061 3167 1129 3213 rom
1145 3147 1312 3229 significat,
1330 3166 1439 3228 quam

306 3252 532 3331 respicienS‚
565 3251 612 3315 ad
642 3269 750 3332 quam
784 3256 961 3333 spectans
992 3253 1074 3333 quis
1097 3249 1190 3316 feeit
1211 3250 1356 3332 aliquid
1380 3249 1441 3329 (cir

306 3353 435 3418 Euckeu
458 3373 488 3434 p.
502 3354 538 3417 11
565 3355 659 3433 init),
682 3351 766 3437 πρός
788 3374 814 3420 6.
838 3356 911 3420 Aee.
935 3355 1053 3420 habere
1068 3354 1195 3420 videtur
1210 3355 1242 3419 in
1259 3354 1308 3419 his
1324 3354 1439 3433 mun:

305 3450 403 3537 πρὸς
439 3453 512 3538 τήν
548 3451 882 3542 ὀλιγανθρωπίαν
915 3452 1102 3538 ἀναγκαῖον
1134 3457 1179 3519 τολ
1215 3453 1332 3539 α’ρχεϊα
1364 3453 1440 3518 ολον

306 3553 585 3638 δβελισκολύχνια
607 3568 721 3622 ποιεῖν
729 3584 739 3641 ,·
763 3563 836 3641 246,
860 3584 887 3626 r:
911 3556 969 3623 ὅτε
996 3562 1058 3640 μὲν
1081 3556 1141 3643 γὰρ
1164 3555 1261 3643 πρὸς
1281 3554 1354 3642 τὴν
1375 3577 1440 3620 πο·

306 3659 463 3724 λιτείαυ
495 3662 553 3743 (se.
586 3656 628 3722 αἱ
660 3660 883 3744 μεταβολαὶ
916 3663 1114 3744 γίνονται)
1135 3696 1180 3709 —-
1201 3657 1259 3724 ὅτε
1293 3658 1328 3723 δὲ
1362 3657 1441 3722 noir

306 3763 404 3848 πρὸς
435 3761 510 3846 τήν
531 3800 571 3808 -
596 3761 826 3842 πολιτείαν,
859 3769 931 3848 216,
955 3788 984 3831 o:
1019 3767 1086 3827 αιέί
1109 3765 1170 3848 γὰρ
1192 3766 1338 3848 βαρέως
1360 3755 1441 3844 εἶχε

305 3863 403 3952 πρὸς
435 3859 687 3949 τήνδμιλίανς
720 3868 792 3948 276,
817 3892 860 3933 rr:
894 3870 1040 3952 βαρέως
1075 3870 1213 3952 φέρειν
1245 3866 1345 3951 πρὸς
1378 3865 1441 3950 τὴν

308 3963 618 4055 ἀφροδισιαστικὴν
640 3967 752 4053 χάριν.

410 4073 444 4155 9)
467 4072 614 4138 Omnium
648 4071 923 4154 frequentissimus
957 4080 1007 4140 ost
1039 4076 1070 4138 in
1105 4073 1247 4139 Politiois
1268 4092 1354 4153 usus,
1377 4092 1441 4154 quo

306 4172 391 4260 πρός
413 4177 646 4258 praepositione
679 4195 787 4258 quom
809 4178 846 4241 iu
870 4196 988 4256 usum,
1023 4195 1129 4257 quem
1153 4176 1346 4256 adfinem,
1369 4194 1441 4256 quo

308 4281 471 4350 consilio
492 4281 578 4366 quid
599 4277 666 4347 siat
683 4279 885 4364 significatur.
910 4279 1008 4359 Quem
1022 4280 1148 4365 quidem
1160 4298 1251 4346 usum
1265 4276 1441 4382 proiectum
