3284 5142
284 457 285 462 .
341 371 403 435 130

398 566 430 644 b)
455 568 572 631 multoe
594 567 783 633 locutiones:

450 669 489 752 α)
513 690 532 732 a
554 672 711 734 communi
735 690 793 736 usu
817 672 948 751 alienae,
972 673 1108 752 quaein
1132 666 1285 738 formulas
1308 689 1428 737 sermo·

510 774 559 837 nis
582 773 764 838 Aristotelei
794 776 937 854 proprias
961 775 1117 863 abierant,
1151 778 1188 838 ut
1210 772 1243 838 ἐκ
1265 776 1421 855 προαιρέ-

513 891 601 948 σεως,
636 866 838 948 ὑποθέσεως,
860 874 1086 958 προσαγωγῆς,
1110 874 1143 940 ἐκ
1165 876 1237 938 «ov
1259 874 1429 956 ἐνδεχομέ-

513 998 597 1051 νων,
630 973 796 1057 ὑπάρχειν
819 975 855 1038 ἔν
878 995 964 1052 τινις
997 977 1083 1039 κατα
1107 975 1217 1058 λόγον,
1250 979 1345 1060 παροὶ
1369 976 1425 1041 λό-

512 1100 582 1159 γον,
614 1078 694 1140 καθ’
728 1081 797 1151 ἕνα,
831 1079 905 1140 κατ’
941 1077 1051 1155 ἰδίαις
1081 1075 1199 1156 οὕτως,
1222 1079 1345 1160 ὁμοίως
1369 1089 1429 1147 cet.

512 1186 605 1266 περί,
627 1179 712 1262 πρὸς
736 1181 833 1266 (τήν)
856 1180 1037 1256 ὑπόθεσιν,
1062 1190 1132 1249 oet.

451 1284 487 1367 β)
515 1303 595 1366 quae
618 1287 717 1349 etiam·
737 1288 768 1349 in
791 1289 949 1350 communi
972 1305 1029 1352 usu
1052 1288 1263 1367 inveniuntur,
1286 1291 1432 1370 quemvis

511 1389 648 1453 fortasse
670 1390 781 1468 rarius,
817 1407 911 1470 quam
934 1388 1019 1470 apud
1044 1390 1092 1468 A,
1120 1389 1209 1454 velut
1231 1388 1263 1462 ἐξ
1287 1389 1372 1463 ἴσου,
1398 1388 1431 1453 ἐκ

513 1485 658 1572 φύσεως,
681 1488 715 1554 ἐν
739 1485 944 1574 ὀφθαλμοῖς,
968 1488 1011 1563 οἷς
1035 1490 1070 1556 ἐν
1089 1489 1285 1575 κεφαλαίοις
1301 1496 1430 1566 stasim

513 1590 569 1654 δια
593 1597 722 1674 χείρων,
746 1592 790 1656 αι’
813 1588 930 1655 αὐτῶν
953 1592 1056 1674 ἔχειν,
1081 1598 1159 1679 περί
1181 1603 1213 1659 et
1235 1593 1319 1677 πρός
1335 1597 1427 1660 abso·

513 1697 580 1760 lule
602 1698 721 1777 posita3
744 1693 788 1756 τὰ
811 1695 895 1777 πρός
917 1718 965 1777 m
990 1706 1049 1763 cei.

397 1801 458 1864 3:0.
503 1799 777 1880 Praepositionum
810 1803 842 1864 in
874 1803 910 1860 A.
935 1801 970 1863 P.
1005 1820 1080 1866 usus
1104 1801 1197 1882 plane
1220 1801 1260 1864 ad
1282 1818 1422 1866 eommu-

296 1923 367 1968 nem
402 1903 578 1967 Atticorum
614 1921 705 1967 usum
738 1908 786 1967 est
819 1903 1085 1984 accommodatus,
1109 1905 1154 1968 ite
1177 1909 1213 1967 ut
1235 1904 1338 1968 nullos
1360 1903 1427 1968 fere

296 2008 448 2088 praebeat
474 2008 535 2070 nisi
557 2006 711 2070 eiusmodi
734 2010 766 2068 et
787 2023 863 2069 usus
885 2007 1056 2070 varietates
1070 2013 1113 2086 ⁴et
1135 2007 1318 2086 locutiones,
1342 2025 1424 2088 quae

295 2111 378 2191 apud
402 2110 526 2173 Atticos
549 2111 687 2172 usitatae
710 2108 781 2186 sint,
806 2107 1014 2188 omnibusque
1037 2108 1103 2172 fere
1127 2109 1241 2172 Atticis
1264 2107 1435 2189 scriptori-'

295 2215 354 2277 bus
377 2230 568 2276 communes.
606 2211 754 2292 Exceptis
777 2211 990 2276 locutionibus
1011 2209 1047 2283 ἐξ
1070 2208 1170 2292 ἀρχῆς
1194 2212 1264 2292 (pro
1288 2207 1324 2274 ἐν
1339 2205 1425 2294 ἀρχῇ

295 2319 469 2396 usurpate),
495 2313 527 2386 ἐξ
549 2309 711 2395 ὑπαρχῆς,
735 2307 768 2373 οἱ
790 2317 867 2393 περι
888 2330 968 2374 τινα
990 2314 1043 2391 (sd
1060 2315 1216 2395 hominem
1233 2316 1430 2378 nominatum

295 2417 398 2482 solum
431 2415 671 2496 significandum
704 2417 879 2497 usurpata),
902 2416 1009 2480 nullae
1045 2418 1076 2480 in
1100 2417 1136 2480 A.
1160 2416 1195 2480 Ρ.
1219 2419 1420 2481 inveniuntur

295 2518 480 2584 Aristotelei
503 2518 657 2583 sermonis
680 2520 840 2599 propriee3
863 2517 898 2582 ἐν
919 2520 1022 2599 μέρει,
1040 2509 1129 2579 εἶναι
1146 2515 1203 2580 διά
1220 2536 1322 2592 τινος,
1339 2518 1425 2580 navo?

294 2624 404 2701 μέρος,
438 2619 524 2680 κατα
558 2618 686 2701 μικρόν,
721 2619 764 2680 τοὶ
787 2624 865 2700 περὶ
887 2658 937 2696 -,
962 2617 1085 2699 ὁμοίως
1108 2619 1163 2685 ἐπί
1186 2657 1237 2700 -,
1262 2617 1353 2704 παροὶ
1377 2643 1430 2699 μι-

296 2722 387 2804 κρόν,
422 2722 505 2802 πρὸς
538 2719 647 2803 χάριν,
682 2724 862 2805 similesque
896 2725 990 2789 huius
1024 2724 1124 2789 libelli
1157 2725 1333 2789 locutiones
1366 2743 1430 2789 non

296 2827 398 2892 solum
432 2828 516 2907 apud
550 2827 588 2889 A.
620 2826 675 2890 sed
709 2827 804 2890 etiem
838 2829 869 2891 in
904 2830 1062 2892 communi
1097 2827 1275 2892 Atticorum
1297 2846 1357 2893 usu
1380 2845 1430 2892 re-

217 2933 218 2936 ’
296 2932 408 3011 peries.

398 3033 459 3097 420.
505 3033 614 3114 Neque
647 3049 721 3095 vero
756 3033 928 3112 quidquam
962 3033 994 3096 in
1029 3032 1065 3095 A.
1091 3033 1126 3096 P.
1161 3035 1252 3112 inest,
1281 3034 1366 3114 quod
1390 3033 1430 3096 ab

295 3135 333 3198 A.
356 3136 496 3199 alienum
519 3135 561 3199 sit
582 3134 631 3199 vel
653 3134 693 3198 ab
717 3152 776 3199 usu
799 3136 866 3198 eius
888 3134 1074 3199 abhorreat.
1142 3171 1144 3180 =

763 3409 967 3416 ——-——-—--

398 3649 445 3711 Ex
480 3649 529 3713 his
562 3650 658 3729 igitur
691 3649 787 3713 rebus
817 3650 894 3713 setis
924 3652 1066 3729 apparet,
1098 3645 1368 3729 praepositionum
1391 3649 1423 3712 in

296 3750 333 3814 A.
357 3749 391 3814 P.
426 3769 486 3815 usu
519 3751 682 3831 explorato
710 3757 834 3816 etcum
858 3751 1051 3816 Aristoteleo
1075 3755 1339 3831 usuoompa1·ato
1362 3769 1426 3815 non

293 3872 386 3936 posse
410 3855 576 3920 diiudicari
598 3859 654 3920 eut
676 3873 733 3936 pro
757 3859 843 3918 certo
867 3855 1089 3934 demonstrari,
1113 3855 1194 3918 sitne
1218 3852 1270 3917 ille
1287 3852 1367 3917 liber
1383 3853 1423 3918 ab

295 3958 465 4022 Aristotele
500 3959 696 4039 conscriptus
729 3975 837 4022 necne.
882 3956 971 4021 Licet
1005 3957 1090 4021 enim
1124 3954 1295 4020 viderimus
1330 3957 1361 4019 in
1390 3973 1427 4019 eo

294 4063 411 4126 multos
433 4079 508 4125 usus
531 4061 651 4136 deesse,
674 4062 728 4141 qui
751 4061 932 4127 Aristotelis
955 4065 1029 4124 sunt
1052 4059 1181 4139 proprii,
1205 4076 1243 4123 ee
1266 4077 1300 4123 re
1323 4059 1422 4122 heud-

295 4183 455 4246 quaquam
488 4165 714 4245 comprobatur
735 4182 806 4228 eum
829 4182 892 4229 non
915 4181 983 4228 esse
1007 4163 1047 4228 ab
1068 4162 1241 4228 Aristotele
1264 4164 1426 4243 scriptum,

296 4271 446 4349 quoniam
480 4269 558 4333 nihil
581 4268 686 4348 hebet,
721 4269 806 4350 quod
830 4270 869 4333 ab
893 4269 1064 4334 Aristotele
1089 4268 1131 4332 sit
1153 4267 1291 4333 alienum
1313 4267 1363 4333 vel
1386 4269 1426 4332 ab
